%YAML 1.1
%TAG !u! tag:unity3d.com,2011:
--- !u!1 &4514535715540125499
GameObject:
  m_ObjectHideFlags: 0
  m_CorrespondingSourceObject: {fileID: 0}
  m_PrefabInstance: {fileID: 0}
  m_PrefabAsset: {fileID: 0}
  serializedVersion: 6
  m_Component:
  - component: {fileID: 5709986828548299151}
  m_Layer: 5
  m_Name: Need Bars Holder
  m_TagString: Untagged
  m_Icon: {fileID: 0}
  m_NavMeshLayer: 0
  m_StaticEditorFlags: 0
  m_IsActive: 1
--- !u!224 &5709986828548299151
RectTransform:
  m_ObjectHideFlags: 0
  m_CorrespondingSourceObject: {fileID: 0}
  m_PrefabInstance: {fileID: 0}
  m_PrefabAsset: {fileID: 0}
  m_GameObject: {fileID: 4514535715540125499}
  m_LocalRotation: {x: 0, y: 0, z: 0, w: 1}
  m_LocalPosition: {x: 0, y: 0, z: 0}
  m_LocalScale: {x: 1, y: 1, z: 1}
  m_Children:
  - {fileID: 9155174101413619933}
  - {fileID: 6786381205964760621}
  - {fileID: 6786381205479826046}
  m_Father: {fileID: 9155174101296056457}
  m_RootOrder: 1
  m_LocalEulerAnglesHint: {x: 0, y: 0, z: 0}
  m_AnchorMin: {x: 0, y: 0}
  m_AnchorMax: {x: 0, y: 1}
  m_AnchoredPosition: {x: 465.91, y: 5.34}
  m_SizeDelta: {x: 1077.16, y: -10.68}
  m_Pivot: {x: 0, y: 0.5}
--- !u!1 &9155174101296056454
GameObject:
  m_ObjectHideFlags: 0
  m_CorrespondingSourceObject: {fileID: 0}
  m_PrefabInstance: {fileID: 0}
  m_PrefabAsset: {fileID: 0}
  serializedVersion: 6
  m_Component:
  - component: {fileID: 9155174101296056457}
  m_Layer: 5
  m_Name: Top UI
  m_TagString: Untagged
  m_Icon: {fileID: 0}
  m_NavMeshLayer: 0
  m_StaticEditorFlags: 0
  m_IsActive: 1
--- !u!224 &9155174101296056457
RectTransform:
  m_ObjectHideFlags: 0
  m_CorrespondingSourceObject: {fileID: 0}
  m_PrefabInstance: {fileID: 0}
  m_PrefabAsset: {fileID: 0}
  m_GameObject: {fileID: 9155174101296056454}
  m_LocalRotation: {x: 0, y: 0, z: 0, w: 1}
  m_LocalPosition: {x: 0, y: 0, z: 0}
  m_LocalScale: {x: 1, y: 1, z: 1}
  m_Children:
  - {fileID: 5039844819167584127}
  - {fileID: 5709986828548299151}
  - {fileID: 7343372844724163414}
  m_Father: {fileID: 0}
  m_RootOrder: 0
  m_LocalEulerAnglesHint: {x: 0, y: 0, z: 0}
  m_AnchorMin: {x: 0.5, y: 1}
  m_AnchorMax: {x: 0.5, y: 1}
  m_AnchoredPosition: {x: 0, y: -65}
  m_SizeDelta: {x: 866, y: 255}
  m_Pivot: {x: 0.5, y: 1}
--- !u!1001 &5458996605985006783
PrefabInstance:
  m_ObjectHideFlags: 0
  serializedVersion: 2
  m_Modification:
    m_TransformParent: {fileID: 9155174101296056457}
    m_Modifications:
    - target: {fileID: 280208377652848800, guid: 73adb489fccdae247bf21f955dd10d78, type: 3}
      propertyPath: m_Name
      value: Pause
      objectReference: {fileID: 0}
    - target: {fileID: 3326654684881762281, guid: 73adb489fccdae247bf21f955dd10d78, type: 3}
      propertyPath: m_Pivot.x
      value: 1
      objectReference: {fileID: 0}
    - target: {fileID: 3326654684881762281, guid: 73adb489fccdae247bf21f955dd10d78, type: 3}
      propertyPath: m_Pivot.y
      value: 0.5
      objectReference: {fileID: 0}
    - target: {fileID: 3326654684881762281, guid: 73adb489fccdae247bf21f955dd10d78, type: 3}
      propertyPath: m_RootOrder
      value: 2
      objectReference: {fileID: 0}
    - target: {fileID: 3326654684881762281, guid: 73adb489fccdae247bf21f955dd10d78, type: 3}
      propertyPath: m_AnchorMax.x
      value: 1
      objectReference: {fileID: 0}
    - target: {fileID: 3326654684881762281, guid: 73adb489fccdae247bf21f955dd10d78, type: 3}
      propertyPath: m_AnchorMax.y
      value: 0.5
      objectReference: {fileID: 0}
    - target: {fileID: 3326654684881762281, guid: 73adb489fccdae247bf21f955dd10d78, type: 3}
      propertyPath: m_AnchorMin.x
      value: 1
      objectReference: {fileID: 0}
    - target: {fileID: 3326654684881762281, guid: 73adb489fccdae247bf21f955dd10d78, type: 3}
      propertyPath: m_AnchorMin.y
      value: 0.5
      objectReference: {fileID: 0}
    - target: {fileID: 3326654684881762281, guid: 73adb489fccdae247bf21f955dd10d78, type: 3}
      propertyPath: m_SizeDelta.x
      value: 122
      objectReference: {fileID: 0}
    - target: {fileID: 3326654684881762281, guid: 73adb489fccdae247bf21f955dd10d78, type: 3}
      propertyPath: m_SizeDelta.y
      value: 122
      objectReference: {fileID: 0}
    - target: {fileID: 3326654684881762281, guid: 73adb489fccdae247bf21f955dd10d78, type: 3}
      propertyPath: m_LocalPosition.x
      value: 0
      objectReference: {fileID: 0}
    - target: {fileID: 3326654684881762281, guid: 73adb489fccdae247bf21f955dd10d78, type: 3}
      propertyPath: m_LocalPosition.y
      value: 0
      objectReference: {fileID: 0}
    - target: {fileID: 3326654684881762281, guid: 73adb489fccdae247bf21f955dd10d78, type: 3}
      propertyPath: m_LocalPosition.z
      value: 0
      objectReference: {fileID: 0}
    - target: {fileID: 3326654684881762281, guid: 73adb489fccdae247bf21f955dd10d78, type: 3}
      propertyPath: m_LocalRotation.w
      value: 1
      objectReference: {fileID: 0}
    - target: {fileID: 3326654684881762281, guid: 73adb489fccdae247bf21f955dd10d78, type: 3}
      propertyPath: m_LocalRotation.x
      value: 0
      objectReference: {fileID: 0}
    - target: {fileID: 3326654684881762281, guid: 73adb489fccdae247bf21f955dd10d78, type: 3}
      propertyPath: m_LocalRotation.y
      value: 0
      objectReference: {fileID: 0}
    - target: {fileID: 3326654684881762281, guid: 73adb489fccdae247bf21f955dd10d78, type: 3}
      propertyPath: m_LocalRotation.z
      value: 0
      objectReference: {fileID: 0}
    - target: {fileID: 3326654684881762281, guid: 73adb489fccdae247bf21f955dd10d78, type: 3}
      propertyPath: m_AnchoredPosition.x
      value: -169.2
      objectReference: {fileID: 0}
    - target: {fileID: 3326654684881762281, guid: 73adb489fccdae247bf21f955dd10d78, type: 3}
      propertyPath: m_AnchoredPosition.y
      value: 0
      objectReference: {fileID: 0}
    - target: {fileID: 3326654684881762281, guid: 73adb489fccdae247bf21f955dd10d78, type: 3}
      propertyPath: m_LocalEulerAnglesHint.x
      value: 0
      objectReference: {fileID: 0}
    - target: {fileID: 3326654684881762281, guid: 73adb489fccdae247bf21f955dd10d78, type: 3}
      propertyPath: m_LocalEulerAnglesHint.y
      value: 0
      objectReference: {fileID: 0}
    - target: {fileID: 3326654684881762281, guid: 73adb489fccdae247bf21f955dd10d78, type: 3}
      propertyPath: m_LocalEulerAnglesHint.z
      value: 0
      objectReference: {fileID: 0}
    m_RemovedComponents: []
  m_SourcePrefab: {fileID: 100100000, guid: 73adb489fccdae247bf21f955dd10d78, type: 3}
--- !u!224 &7343372844724163414 stripped
RectTransform:
  m_CorrespondingSourceObject: {fileID: 3326654684881762281, guid: 73adb489fccdae247bf21f955dd10d78, type: 3}
  m_PrefabInstance: {fileID: 5458996605985006783}
  m_PrefabAsset: {fileID: 0}
--- !u!1001 &6786381206190716650
PrefabInstance:
  m_ObjectHideFlags: 0
  serializedVersion: 2
  m_Modification:
    m_TransformParent: {fileID: 5709986828548299151}
    m_Modifications:
    - target: {fileID: 298150175830961446, guid: 322e85d793c36da4a8a7450544b65a9f, type: 3}
      propertyPath: m_Sprite
      value: 
      objectReference: {fileID: 21300000, guid: 61f7fd41a0b418a45b0e9c0505013768, type: 3}
    - target: {fileID: 2387936492723838512, guid: 322e85d793c36da4a8a7450544b65a9f, type: 3}
      propertyPath: m_Name
      value: Satiety Bar
      objectReference: {fileID: 0}
    - target: {fileID: 2387936492723838519, guid: 322e85d793c36da4a8a7450544b65a9f, type: 3}
      propertyPath: m_Pivot.x
      value: 0
      objectReference: {fileID: 0}
    - target: {fileID: 2387936492723838519, guid: 322e85d793c36da4a8a7450544b65a9f, type: 3}
      propertyPath: m_Pivot.y
      value: 0.5
      objectReference: {fileID: 0}
    - target: {fileID: 2387936492723838519, guid: 322e85d793c36da4a8a7450544b65a9f, type: 3}
      propertyPath: m_RootOrder
      value: 0
      objectReference: {fileID: 0}
    - target: {fileID: 2387936492723838519, guid: 322e85d793c36da4a8a7450544b65a9f, type: 3}
      propertyPath: m_AnchorMax.x
      value: 0
      objectReference: {fileID: 0}
    - target: {fileID: 2387936492723838519, guid: 322e85d793c36da4a8a7450544b65a9f, type: 3}
      propertyPath: m_AnchorMax.y
      value: 1
      objectReference: {fileID: 0}
    - target: {fileID: 2387936492723838519, guid: 322e85d793c36da4a8a7450544b65a9f, type: 3}
      propertyPath: m_AnchorMin.x
      value: 0
      objectReference: {fileID: 0}
    - target: {fileID: 2387936492723838519, guid: 322e85d793c36da4a8a7450544b65a9f, type: 3}
      propertyPath: m_AnchorMin.y
      value: 0
      objectReference: {fileID: 0}
    - target: {fileID: 2387936492723838519, guid: 322e85d793c36da4a8a7450544b65a9f, type: 3}
      propertyPath: m_SizeDelta.x
      value: 325
      objectReference: {fileID: 0}
    - target: {fileID: 2387936492723838519, guid: 322e85d793c36da4a8a7450544b65a9f, type: 3}
      propertyPath: m_SizeDelta.y
      value: 0
      objectReference: {fileID: 0}
    - target: {fileID: 2387936492723838519, guid: 322e85d793c36da4a8a7450544b65a9f, type: 3}
      propertyPath: m_LocalPosition.x
      value: 0
      objectReference: {fileID: 0}
    - target: {fileID: 2387936492723838519, guid: 322e85d793c36da4a8a7450544b65a9f, type: 3}
      propertyPath: m_LocalPosition.y
      value: 0
      objectReference: {fileID: 0}
    - target: {fileID: 2387936492723838519, guid: 322e85d793c36da4a8a7450544b65a9f, type: 3}
      propertyPath: m_LocalPosition.z
      value: 0
      objectReference: {fileID: 0}
    - target: {fileID: 2387936492723838519, guid: 322e85d793c36da4a8a7450544b65a9f, type: 3}
      propertyPath: m_LocalRotation.w
      value: 1
      objectReference: {fileID: 0}
    - target: {fileID: 2387936492723838519, guid: 322e85d793c36da4a8a7450544b65a9f, type: 3}
      propertyPath: m_LocalRotation.x
      value: -0
      objectReference: {fileID: 0}
    - target: {fileID: 2387936492723838519, guid: 322e85d793c36da4a8a7450544b65a9f, type: 3}
      propertyPath: m_LocalRotation.y
      value: -0
      objectReference: {fileID: 0}
    - target: {fileID: 2387936492723838519, guid: 322e85d793c36da4a8a7450544b65a9f, type: 3}
      propertyPath: m_LocalRotation.z
      value: -0
      objectReference: {fileID: 0}
    - target: {fileID: 2387936492723838519, guid: 322e85d793c36da4a8a7450544b65a9f, type: 3}
      propertyPath: m_AnchoredPosition.x
      value: 10
      objectReference: {fileID: 0}
    - target: {fileID: 2387936492723838519, guid: 322e85d793c36da4a8a7450544b65a9f, type: 3}
      propertyPath: m_AnchoredPosition.y
      value: 0
      objectReference: {fileID: 0}
    - target: {fileID: 2387936492723838519, guid: 322e85d793c36da4a8a7450544b65a9f, type: 3}
      propertyPath: m_LocalEulerAnglesHint.x
      value: 0
      objectReference: {fileID: 0}
    - target: {fileID: 2387936492723838519, guid: 322e85d793c36da4a8a7450544b65a9f, type: 3}
      propertyPath: m_LocalEulerAnglesHint.y
      value: 0
      objectReference: {fileID: 0}
    - target: {fileID: 2387936492723838519, guid: 322e85d793c36da4a8a7450544b65a9f, type: 3}
      propertyPath: m_LocalEulerAnglesHint.z
      value: 0
      objectReference: {fileID: 0}
    m_RemovedComponents: []
  m_SourcePrefab: {fileID: 100100000, guid: 322e85d793c36da4a8a7450544b65a9f, type: 3}
--- !u!224 &9155174101413619933 stripped
RectTransform:
  m_CorrespondingSourceObject: {fileID: 2387936492723838519, guid: 322e85d793c36da4a8a7450544b65a9f, type: 3}
  m_PrefabInstance: {fileID: 6786381206190716650}
  m_PrefabAsset: {fileID: 0}
--- !u!1001 &8474899541625655544
PrefabInstance:
  m_ObjectHideFlags: 0
  serializedVersion: 2
  m_Modification:
    m_TransformParent: {fileID: 9155174101296056457}
    m_Modifications:
    - target: {fileID: 3489660867939946375, guid: 438f5d1b69c53a043b6e5d398a283c99, type: 3}
      propertyPath: m_Pivot.x
      value: 0
      objectReference: {fileID: 0}
    - target: {fileID: 3489660867939946375, guid: 438f5d1b69c53a043b6e5d398a283c99, type: 3}
      propertyPath: m_Pivot.y
      value: 0.5
      objectReference: {fileID: 0}
    - target: {fileID: 3489660867939946375, guid: 438f5d1b69c53a043b6e5d398a283c99, type: 3}
      propertyPath: m_RootOrder
      value: 0
      objectReference: {fileID: 0}
    - target: {fileID: 3489660867939946375, guid: 438f5d1b69c53a043b6e5d398a283c99, type: 3}
      propertyPath: m_AnchorMax.x
      value: 0
      objectReference: {fileID: 0}
    - target: {fileID: 3489660867939946375, guid: 438f5d1b69c53a043b6e5d398a283c99, type: 3}
      propertyPath: m_AnchorMax.y
      value: 1
      objectReference: {fileID: 0}
    - target: {fileID: 3489660867939946375, guid: 438f5d1b69c53a043b6e5d398a283c99, type: 3}
      propertyPath: m_AnchorMin.x
      value: 0
      objectReference: {fileID: 0}
    - target: {fileID: 3489660867939946375, guid: 438f5d1b69c53a043b6e5d398a283c99, type: 3}
      propertyPath: m_AnchorMin.y
      value: 0
      objectReference: {fileID: 0}
    - target: {fileID: 3489660867939946375, guid: 438f5d1b69c53a043b6e5d398a283c99, type: 3}
      propertyPath: m_SizeDelta.x
      value: 240.52
      objectReference: {fileID: 0}
    - target: {fileID: 3489660867939946375, guid: 438f5d1b69c53a043b6e5d398a283c99, type: 3}
      propertyPath: m_SizeDelta.y
      value: 0
      objectReference: {fileID: 0}
    - target: {fileID: 3489660867939946375, guid: 438f5d1b69c53a043b6e5d398a283c99, type: 3}
      propertyPath: m_LocalPosition.x
      value: 0
      objectReference: {fileID: 0}
    - target: {fileID: 3489660867939946375, guid: 438f5d1b69c53a043b6e5d398a283c99, type: 3}
      propertyPath: m_LocalPosition.y
      value: 0
      objectReference: {fileID: 0}
    - target: {fileID: 3489660867939946375, guid: 438f5d1b69c53a043b6e5d398a283c99, type: 3}
      propertyPath: m_LocalPosition.z
      value: 0
      objectReference: {fileID: 0}
    - target: {fileID: 3489660867939946375, guid: 438f5d1b69c53a043b6e5d398a283c99, type: 3}
      propertyPath: m_LocalRotation.w
      value: 1
      objectReference: {fileID: 0}
    - target: {fileID: 3489660867939946375, guid: 438f5d1b69c53a043b6e5d398a283c99, type: 3}
      propertyPath: m_LocalRotation.x
      value: 0
      objectReference: {fileID: 0}
    - target: {fileID: 3489660867939946375, guid: 438f5d1b69c53a043b6e5d398a283c99, type: 3}
      propertyPath: m_LocalRotation.y
      value: 0
      objectReference: {fileID: 0}
    - target: {fileID: 3489660867939946375, guid: 438f5d1b69c53a043b6e5d398a283c99, type: 3}
      propertyPath: m_LocalRotation.z
      value: 0
      objectReference: {fileID: 0}
    - target: {fileID: 3489660867939946375, guid: 438f5d1b69c53a043b6e5d398a283c99, type: 3}
      propertyPath: m_AnchoredPosition.x
      value: 181.99994
      objectReference: {fileID: 0}
    - target: {fileID: 3489660867939946375, guid: 438f5d1b69c53a043b6e5d398a283c99, type: 3}
      propertyPath: m_AnchoredPosition.y
      value: 0
      objectReference: {fileID: 0}
    - target: {fileID: 3489660867939946375, guid: 438f5d1b69c53a043b6e5d398a283c99, type: 3}
      propertyPath: m_LocalEulerAnglesHint.x
      value: 0
      objectReference: {fileID: 0}
    - target: {fileID: 3489660867939946375, guid: 438f5d1b69c53a043b6e5d398a283c99, type: 3}
      propertyPath: m_LocalEulerAnglesHint.y
      value: 0
      objectReference: {fileID: 0}
    - target: {fileID: 3489660867939946375, guid: 438f5d1b69c53a043b6e5d398a283c99, type: 3}
      propertyPath: m_LocalEulerAnglesHint.z
      value: 0
      objectReference: {fileID: 0}
    - target: {fileID: 6894184738673264537, guid: 438f5d1b69c53a043b6e5d398a283c99, type: 3}
      propertyPath: m_Name
      value: Cat Counter
      objectReference: {fileID: 0}
    m_RemovedComponents: []
  m_SourcePrefab: {fileID: 100100000, guid: 438f5d1b69c53a043b6e5d398a283c99, type: 3}
--- !u!224 &5039844819167584127 stripped
RectTransform:
  m_CorrespondingSourceObject: {fileID: 3489660867939946375, guid: 438f5d1b69c53a043b6e5d398a283c99, type: 3}
  m_PrefabInstance: {fileID: 8474899541625655544}
  m_PrefabAsset: {fileID: 0}
--- !u!1001 &9155174101184953417
PrefabInstance:
  m_ObjectHideFlags: 0
  serializedVersion: 2
  m_Modification:
    m_TransformParent: {fileID: 5709986828548299151}
    m_Modifications:
    - target: {fileID: 2387936492723838512, guid: 322e85d793c36da4a8a7450544b65a9f, type: 3}
      propertyPath: m_Name
      value: Fun Bar
      objectReference: {fileID: 0}
    - target: {fileID: 2387936492723838519, guid: 322e85d793c36da4a8a7450544b65a9f, type: 3}
      propertyPath: m_Pivot.x
      value: 1
      objectReference: {fileID: 0}
    - target: {fileID: 2387936492723838519, guid: 322e85d793c36da4a8a7450544b65a9f, type: 3}
      propertyPath: m_Pivot.y
      value: 0.5
      objectReference: {fileID: 0}
    - target: {fileID: 2387936492723838519, guid: 322e85d793c36da4a8a7450544b65a9f, type: 3}
      propertyPath: m_RootOrder
      value: 2
      objectReference: {fileID: 0}
    - target: {fileID: 2387936492723838519, guid: 322e85d793c36da4a8a7450544b65a9f, type: 3}
      propertyPath: m_AnchorMax.x
      value: 1
      objectReference: {fileID: 0}
    - target: {fileID: 2387936492723838519, guid: 322e85d793c36da4a8a7450544b65a9f, type: 3}
      propertyPath: m_AnchorMax.y
      value: 1
      objectReference: {fileID: 0}
    - target: {fileID: 2387936492723838519, guid: 322e85d793c36da4a8a7450544b65a9f, type: 3}
      propertyPath: m_AnchorMin.x
      value: 1
      objectReference: {fileID: 0}
    - target: {fileID: 2387936492723838519, guid: 322e85d793c36da4a8a7450544b65a9f, type: 3}
      propertyPath: m_AnchorMin.y
      value: 0
      objectReference: {fileID: 0}
    - target: {fileID: 2387936492723838519, guid: 322e85d793c36da4a8a7450544b65a9f, type: 3}
      propertyPath: m_SizeDelta.x
      value: 325
      objectReference: {fileID: 0}
    - target: {fileID: 2387936492723838519, guid: 322e85d793c36da4a8a7450544b65a9f, type: 3}
      propertyPath: m_SizeDelta.y
      value: 0
      objectReference: {fileID: 0}
    - target: {fileID: 2387936492723838519, guid: 322e85d793c36da4a8a7450544b65a9f, type: 3}
      propertyPath: m_LocalPosition.x
      value: 0
      objectReference: {fileID: 0}
    - target: {fileID: 2387936492723838519, guid: 322e85d793c36da4a8a7450544b65a9f, type: 3}
      propertyPath: m_LocalPosition.y
      value: 0
      objectReference: {fileID: 0}
    - target: {fileID: 2387936492723838519, guid: 322e85d793c36da4a8a7450544b65a9f, type: 3}
      propertyPath: m_LocalPosition.z
      value: 0
      objectReference: {fileID: 0}
    - target: {fileID: 2387936492723838519, guid: 322e85d793c36da4a8a7450544b65a9f, type: 3}
      propertyPath: m_LocalRotation.w
      value: 1
      objectReference: {fileID: 0}
    - target: {fileID: 2387936492723838519, guid: 322e85d793c36da4a8a7450544b65a9f, type: 3}
      propertyPath: m_LocalRotation.x
      value: -0
      objectReference: {fileID: 0}
    - target: {fileID: 2387936492723838519, guid: 322e85d793c36da4a8a7450544b65a9f, type: 3}
      propertyPath: m_LocalRotation.y
      value: -0
      objectReference: {fileID: 0}
    - target: {fileID: 2387936492723838519, guid: 322e85d793c36da4a8a7450544b65a9f, type: 3}
      propertyPath: m_LocalRotation.z
      value: -0
      objectReference: {fileID: 0}
    - target: {fileID: 2387936492723838519, guid: 322e85d793c36da4a8a7450544b65a9f, type: 3}
      propertyPath: m_AnchoredPosition.x
      value: 0
      objectReference: {fileID: 0}
    - target: {fileID: 2387936492723838519, guid: 322e85d793c36da4a8a7450544b65a9f, type: 3}
      propertyPath: m_AnchoredPosition.y
      value: 0
      objectReference: {fileID: 0}
    - target: {fileID: 2387936492723838519, guid: 322e85d793c36da4a8a7450544b65a9f, type: 3}
      propertyPath: m_LocalEulerAnglesHint.x
      value: 0
      objectReference: {fileID: 0}
    - target: {fileID: 2387936492723838519, guid: 322e85d793c36da4a8a7450544b65a9f, type: 3}
      propertyPath: m_LocalEulerAnglesHint.y
      value: 0
      objectReference: {fileID: 0}
    - target: {fileID: 2387936492723838519, guid: 322e85d793c36da4a8a7450544b65a9f, type: 3}
      propertyPath: m_LocalEulerAnglesHint.z
      value: 0
      objectReference: {fileID: 0}
    - target: {fileID: 3417248344573318987, guid: 322e85d793c36da4a8a7450544b65a9f, type: 3}
      propertyPath: energyType
      value: 2
      objectReference: {fileID: 0}
    m_RemovedComponents: []
  m_SourcePrefab: {fileID: 100100000, guid: 322e85d793c36da4a8a7450544b65a9f, type: 3}
--- !u!224 &6786381205479826046 stripped
RectTransform:
  m_CorrespondingSourceObject: {fileID: 2387936492723838519, guid: 322e85d793c36da4a8a7450544b65a9f, type: 3}
  m_PrefabInstance: {fileID: 9155174101184953417}
  m_PrefabAsset: {fileID: 0}
--- !u!1001 &9155174101639608346
PrefabInstance:
  m_ObjectHideFlags: 0
  serializedVersion: 2
  m_Modification:
    m_TransformParent: {fileID: 5709986828548299151}
    m_Modifications:
    - target: {fileID: 298150175830961446, guid: 322e85d793c36da4a8a7450544b65a9f, type: 3}
      propertyPath: m_Sprite
      value: 
      objectReference: {fileID: 21300000, guid: 1eb27c55f0fe3b54aa5f703642c8e334, type: 3}
    - target: {fileID: 2387936492723838512, guid: 322e85d793c36da4a8a7450544b65a9f, type: 3}
      propertyPath: m_Name
      value: Hygiene Bar
      objectReference: {fileID: 0}
    - target: {fileID: 2387936492723838519, guid: 322e85d793c36da4a8a7450544b65a9f, type: 3}
      propertyPath: m_Pivot.x
      value: 0.5
      objectReference: {fileID: 0}
    - target: {fileID: 2387936492723838519, guid: 322e85d793c36da4a8a7450544b65a9f, type: 3}
      propertyPath: m_Pivot.y
      value: 0.5
      objectReference: {fileID: 0}
    - target: {fileID: 2387936492723838519, guid: 322e85d793c36da4a8a7450544b65a9f, type: 3}
      propertyPath: m_RootOrder
      value: 1
      objectReference: {fileID: 0}
    - target: {fileID: 2387936492723838519, guid: 322e85d793c36da4a8a7450544b65a9f, type: 3}
      propertyPath: m_AnchorMax.x
      value: 0.5
      objectReference: {fileID: 0}
    - target: {fileID: 2387936492723838519, guid: 322e85d793c36da4a8a7450544b65a9f, type: 3}
      propertyPath: m_AnchorMax.y
      value: 1
      objectReference: {fileID: 0}
    - target: {fileID: 2387936492723838519, guid: 322e85d793c36da4a8a7450544b65a9f, type: 3}
      propertyPath: m_AnchorMin.x
      value: 0.5
      objectReference: {fileID: 0}
    - target: {fileID: 2387936492723838519, guid: 322e85d793c36da4a8a7450544b65a9f, type: 3}
      propertyPath: m_AnchorMin.y
      value: 0
      objectReference: {fileID: 0}
    - target: {fileID: 2387936492723838519, guid: 322e85d793c36da4a8a7450544b65a9f, type: 3}
      propertyPath: m_SizeDelta.x
      value: 325
      objectReference: {fileID: 0}
    - target: {fileID: 2387936492723838519, guid: 322e85d793c36da4a8a7450544b65a9f, type: 3}
      propertyPath: m_SizeDelta.y
      value: 0
      objectReference: {fileID: 0}
    - target: {fileID: 2387936492723838519, guid: 322e85d793c36da4a8a7450544b65a9f, type: 3}
      propertyPath: m_LocalPosition.x
      value: 0
      objectReference: {fileID: 0}
    - target: {fileID: 2387936492723838519, guid: 322e85d793c36da4a8a7450544b65a9f, type: 3}
      propertyPath: m_LocalPosition.y
      value: 0
      objectReference: {fileID: 0}
    - target: {fileID: 2387936492723838519, guid: 322e85d793c36da4a8a7450544b65a9f, type: 3}
      propertyPath: m_LocalPosition.z
      value: 0
      objectReference: {fileID: 0}
    - target: {fileID: 2387936492723838519, guid: 322e85d793c36da4a8a7450544b65a9f, type: 3}
      propertyPath: m_LocalRotation.w
      value: 1
      objectReference: {fileID: 0}
    - target: {fileID: 2387936492723838519, guid: 322e85d793c36da4a8a7450544b65a9f, type: 3}
      propertyPath: m_LocalRotation.x
      value: -0
      objectReference: {fileID: 0}
    - target: {fileID: 2387936492723838519, guid: 322e85d793c36da4a8a7450544b65a9f, type: 3}
      propertyPath: m_LocalRotation.y
      value: -0
      objectReference: {fileID: 0}
    - target: {fileID: 2387936492723838519, guid: 322e85d793c36da4a8a7450544b65a9f, type: 3}
      propertyPath: m_LocalRotation.z
      value: -0
      objectReference: {fileID: 0}
    - target: {fileID: 2387936492723838519, guid: 322e85d793c36da4a8a7450544b65a9f, type: 3}
      propertyPath: m_AnchoredPosition.x
      value: 0
      objectReference: {fileID: 0}
    - target: {fileID: 2387936492723838519, guid: 322e85d793c36da4a8a7450544b65a9f, type: 3}
      propertyPath: m_AnchoredPosition.y
      value: 0
      objectReference: {fileID: 0}
    - target: {fileID: 2387936492723838519, guid: 322e85d793c36da4a8a7450544b65a9f, type: 3}
      propertyPath: m_LocalEulerAnglesHint.x
      value: 0
      objectReference: {fileID: 0}
    - target: {fileID: 2387936492723838519, guid: 322e85d793c36da4a8a7450544b65a9f, type: 3}
      propertyPath: m_LocalEulerAnglesHint.y
      value: 0
      objectReference: {fileID: 0}
    - target: {fileID: 2387936492723838519, guid: 322e85d793c36da4a8a7450544b65a9f, type: 3}
      propertyPath: m_LocalEulerAnglesHint.z
      value: 0
      objectReference: {fileID: 0}
    - target: {fileID: 3417248344573318987, guid: 322e85d793c36da4a8a7450544b65a9f, type: 3}
      propertyPath: energyType
      value: 1
      objectReference: {fileID: 0}
    m_RemovedComponents: []
  m_SourcePrefab: {fileID: 100100000, guid: 322e85d793c36da4a8a7450544b65a9f, type: 3}
--- !u!224 &6786381205964760621 stripped
RectTransform:
  m_CorrespondingSourceObject: {fileID: 2387936492723838519, guid: 322e85d793c36da4a8a7450544b65a9f, type: 3}
  m_PrefabInstance: {fileID: 9155174101639608346}
  m_PrefabAsset: {fileID: 0}
