%YAML 1.1
%TAG !u! tag:unity3d.com,2011:
--- !u!29 &1
OcclusionCullingSettings:
  m_ObjectHideFlags: 0
  serializedVersion: 2
  m_OcclusionBakeSettings:
    smallestOccluder: 5
    smallestHole: 0.25
    backfaceThreshold: 100
  m_SceneGUID: 00000000000000000000000000000000
  m_OcclusionCullingData: {fileID: 0}
--- !u!104 &2
RenderSettings:
  m_ObjectHideFlags: 0
  serializedVersion: 9
  m_Fog: 0
  m_FogColor: {r: 0.5, g: 0.5, b: 0.5, a: 1}
  m_FogMode: 3
  m_FogDensity: 0.01
  m_LinearFogStart: 0
  m_LinearFogEnd: 300
  m_AmbientSkyColor: {r: 0.212, g: 0.227, b: 0.259, a: 1}
  m_AmbientEquatorColor: {r: 0.114, g: 0.125, b: 0.133, a: 1}
  m_AmbientGroundColor: {r: 0.047, g: 0.043, b: 0.035, a: 1}
  m_AmbientIntensity: 1
  m_AmbientMode: 3
  m_SubtractiveShadowColor: {r: 0.42, g: 0.478, b: 0.627, a: 1}
  m_SkyboxMaterial: {fileID: 0}
  m_HaloStrength: 0.5
  m_FlareStrength: 1
  m_FlareFadeSpeed: 3
  m_HaloTexture: {fileID: 0}
  m_SpotCookie: {fileID: 10001, guid: 0000000000000000e000000000000000, type: 0}
  m_DefaultReflectionMode: 0
  m_DefaultReflectionResolution: 128
  m_ReflectionBounces: 1
  m_ReflectionIntensity: 1
  m_CustomReflection: {fileID: 0}
  m_Sun: {fileID: 0}
  m_IndirectSpecularColor: {r: 0, g: 0, b: 0, a: 1}
  m_UseRadianceAmbientProbe: 0
--- !u!157 &3
LightmapSettings:
  m_ObjectHideFlags: 0
  serializedVersion: 12
  m_GIWorkflowMode: 1
  m_GISettings:
    serializedVersion: 2
    m_BounceScale: 1
    m_IndirectOutputScale: 1
    m_AlbedoBoost: 1
    m_EnvironmentLightingMode: 0
    m_EnableBakedLightmaps: 0
    m_EnableRealtimeLightmaps: 0
  m_LightmapEditorSettings:
    serializedVersion: 12
    m_Resolution: 2
    m_BakeResolution: 40
    m_AtlasSize: 1024
    m_AO: 0
    m_AOMaxDistance: 1
    m_CompAOExponent: 1
    m_CompAOExponentDirect: 0
    m_ExtractAmbientOcclusion: 0
    m_Padding: 2
    m_LightmapParameters: {fileID: 0}
    m_LightmapsBakeMode: 1
    m_TextureCompression: 1
    m_FinalGather: 0
    m_FinalGatherFiltering: 1
    m_FinalGatherRayCount: 256
    m_ReflectionCompression: 2
    m_MixedBakeMode: 2
    m_BakeBackend: 0
    m_PVRSampling: 1
    m_PVRDirectSampleCount: 32
    m_PVRSampleCount: 500
    m_PVRBounces: 2
    m_PVREnvironmentSampleCount: 500
    m_PVREnvironmentReferencePointCount: 2048
    m_PVRFilteringMode: 2
    m_PVRDenoiserTypeDirect: 0
    m_PVRDenoiserTypeIndirect: 0
    m_PVRDenoiserTypeAO: 0
    m_PVRFilterTypeDirect: 0
    m_PVRFilterTypeIndirect: 0
    m_PVRFilterTypeAO: 0
    m_PVREnvironmentMIS: 0
    m_PVRCulling: 1
    m_PVRFilteringGaussRadiusDirect: 1
    m_PVRFilteringGaussRadiusIndirect: 5
    m_PVRFilteringGaussRadiusAO: 2
    m_PVRFilteringAtrousPositionSigmaDirect: 0.5
    m_PVRFilteringAtrousPositionSigmaIndirect: 2
    m_PVRFilteringAtrousPositionSigmaAO: 1
    m_ExportTrainingData: 0
    m_TrainingDataDestination: TrainingData
    m_LightProbeSampleCountMultiplier: 4
  m_LightingDataAsset: {fileID: 0}
  m_LightingSettings: {fileID: 0}
--- !u!196 &4
NavMeshSettings:
  serializedVersion: 2
  m_ObjectHideFlags: 0
  m_BuildSettings:
    serializedVersion: 2
    agentTypeID: 0
    agentRadius: 0.5
    agentHeight: 2
    agentSlope: 45
    agentClimb: 0.4
    ledgeDropHeight: 0
    maxJumpAcrossDistance: 0
    minRegionArea: 2
    manualCellSize: 0
    cellSize: 0.16666667
    manualTileSize: 0
    tileSize: 256
    accuratePlacement: 0
    maxJobWorkers: 0
    preserveTilesOutsideBounds: 0
    debug:
      m_Flags: 0
  m_NavMeshData: {fileID: 0}
--- !u!224 &94903934 stripped
RectTransform:
  m_CorrespondingSourceObject: {fileID: 600816531199957059, guid: 1518451fa0fc9d74bb71cbdacd657b1b, type: 3}
  m_PrefabInstance: {fileID: 600816531126027837}
  m_PrefabAsset: {fileID: 0}
--- !u!1 &497643552
GameObject:
  m_ObjectHideFlags: 0
  m_CorrespondingSourceObject: {fileID: 0}
  m_PrefabInstance: {fileID: 0}
  m_PrefabAsset: {fileID: 0}
  serializedVersion: 6
  m_Component:
  - component: {fileID: 497643553}
  - component: {fileID: 497643555}
  - component: {fileID: 497643554}
  m_Layer: 5
  m_Name: Background
  m_TagString: Untagged
  m_Icon: {fileID: 0}
  m_NavMeshLayer: 0
  m_StaticEditorFlags: 0
  m_IsActive: 1
--- !u!224 &497643553
RectTransform:
  m_ObjectHideFlags: 0
  m_CorrespondingSourceObject: {fileID: 0}
  m_PrefabInstance: {fileID: 0}
  m_PrefabAsset: {fileID: 0}
  m_GameObject: {fileID: 497643552}
  m_LocalRotation: {x: 0, y: 0, z: 0, w: 1}
  m_LocalPosition: {x: 0, y: 0, z: 0}
  m_LocalScale: {x: 1, y: 1, z: 1}
  m_Children: []
  m_Father: {fileID: 1885060594}
  m_RootOrder: 0
  m_LocalEulerAnglesHint: {x: 0, y: 0, z: 0}
  m_AnchorMin: {x: 0, y: 0}
  m_AnchorMax: {x: 1, y: 1}
  m_AnchoredPosition: {x: 0, y: 0}
  m_SizeDelta: {x: 0, y: 355.99997}
  m_Pivot: {x: 0.5, y: 0.5}
--- !u!114 &497643554
MonoBehaviour:
  m_ObjectHideFlags: 0
  m_CorrespondingSourceObject: {fileID: 0}
  m_PrefabInstance: {fileID: 0}
  m_PrefabAsset: {fileID: 0}
  m_GameObject: {fileID: 497643552}
  m_Enabled: 1
  m_EditorHideFlags: 0
  m_Script: {fileID: 11500000, guid: fe87c0e1cc204ed48ad3b37840f39efc, type: 3}
  m_Name: 
  m_EditorClassIdentifier: 
  m_Material: {fileID: 0}
  m_Color: {r: 1, g: 1, b: 1, a: 1}
  m_RaycastTarget: 0
  m_RaycastPadding: {x: 0, y: 0, z: 0, w: 0}
  m_Maskable: 1
  m_OnCullStateChanged:
    m_PersistentCalls:
      m_Calls: []
  m_Sprite: {fileID: 21300000, guid: c3ef75ef38d08a746a26c09d0c3a807f, type: 3}
  m_Type: 0
  m_PreserveAspect: 1
  m_FillCenter: 1
  m_FillMethod: 4
  m_FillAmount: 1
  m_FillClockwise: 1
  m_FillOrigin: 0
  m_UseSpriteMesh: 0
  m_PixelsPerUnitMultiplier: 1
--- !u!222 &497643555
CanvasRenderer:
  m_ObjectHideFlags: 0
  m_CorrespondingSourceObject: {fileID: 0}
  m_PrefabInstance: {fileID: 0}
  m_PrefabAsset: {fileID: 0}
  m_GameObject: {fileID: 497643552}
  m_CullTransparentMesh: 1
--- !u!1 &519420028
GameObject:
  m_ObjectHideFlags: 0
  m_CorrespondingSourceObject: {fileID: 0}
  m_PrefabInstance: {fileID: 0}
  m_PrefabAsset: {fileID: 0}
  serializedVersion: 6
  m_Component:
  - component: {fileID: 519420032}
  - component: {fileID: 519420031}
  - component: {fileID: 519420029}
  m_Layer: 0
  m_Name: Main Camera
  m_TagString: MainCamera
  m_Icon: {fileID: 0}
  m_NavMeshLayer: 0
  m_StaticEditorFlags: 0
  m_IsActive: 1
--- !u!81 &519420029
AudioListener:
  m_ObjectHideFlags: 0
  m_CorrespondingSourceObject: {fileID: 0}
  m_PrefabInstance: {fileID: 0}
  m_PrefabAsset: {fileID: 0}
  m_GameObject: {fileID: 519420028}
  m_Enabled: 1
--- !u!20 &519420031
Camera:
  m_ObjectHideFlags: 0
  m_CorrespondingSourceObject: {fileID: 0}
  m_PrefabInstance: {fileID: 0}
  m_PrefabAsset: {fileID: 0}
  m_GameObject: {fileID: 519420028}
  m_Enabled: 1
  serializedVersion: 2
  m_ClearFlags: 2
  m_BackGroundColor: {r: 0, g: 0, b: 0, a: 0}
  m_projectionMatrixMode: 1
  m_GateFitMode: 2
  m_FOVAxisMode: 0
  m_SensorSize: {x: 36, y: 24}
  m_LensShift: {x: 0, y: 0}
  m_FocalLength: 50
  m_NormalizedViewPortRect:
    serializedVersion: 2
    x: 0
    y: 0
    width: 1
    height: 1
  near clip plane: 0.3
  far clip plane: 1000
  field of view: 60
  orthographic: 1
  orthographic size: 5
  m_Depth: -1
  m_CullingMask:
    serializedVersion: 2
    m_Bits: 4294967295
  m_RenderingPath: -1
  m_TargetTexture: {fileID: 0}
  m_TargetDisplay: 0
  m_TargetEye: 0
  m_HDR: 1
  m_AllowMSAA: 0
  m_AllowDynamicResolution: 0
  m_ForceIntoRT: 0
  m_OcclusionCulling: 0
  m_StereoConvergence: 10
  m_StereoSeparation: 0.022
--- !u!4 &519420032
Transform:
  m_ObjectHideFlags: 0
  m_CorrespondingSourceObject: {fileID: 0}
  m_PrefabInstance: {fileID: 0}
  m_PrefabAsset: {fileID: 0}
  m_GameObject: {fileID: 519420028}
  m_LocalRotation: {x: 0, y: 0, z: 0, w: 1}
  m_LocalPosition: {x: 0, y: 0, z: -10}
  m_LocalScale: {x: 1, y: 1, z: 1}
  m_Children: []
  m_Father: {fileID: 0}
  m_RootOrder: 0
  m_LocalEulerAnglesHint: {x: 0, y: 0, z: 0}
--- !u!224 &582763301 stripped
RectTransform:
  m_CorrespondingSourceObject: {fileID: 823428119605650464, guid: d2b0edac55133d94b956f51c64e380c3, type: 3}
  m_PrefabInstance: {fileID: 823428120116061957}
  m_PrefabAsset: {fileID: 0}
--- !u!1 &779828993
GameObject:
  m_ObjectHideFlags: 0
  m_CorrespondingSourceObject: {fileID: 0}
  m_PrefabInstance: {fileID: 0}
  m_PrefabAsset: {fileID: 0}
  serializedVersion: 6
  m_Component:
  - component: {fileID: 779828994}
  m_Layer: 5
  m_Name: DustArea1
  m_TagString: Untagged
  m_Icon: {fileID: 0}
  m_NavMeshLayer: 0
  m_StaticEditorFlags: 0
  m_IsActive: 1
--- !u!224 &779828994
RectTransform:
  m_ObjectHideFlags: 0
  m_CorrespondingSourceObject: {fileID: 0}
  m_PrefabInstance: {fileID: 0}
  m_PrefabAsset: {fileID: 0}
  m_GameObject: {fileID: 779828993}
  m_LocalRotation: {x: 0, y: 0, z: 0, w: 1}
  m_LocalPosition: {x: 0, y: 0, z: 0}
  m_LocalScale: {x: 1, y: 1, z: 1}
  m_Children: []
  m_Father: {fileID: 1885060594}
  m_RootOrder: 9
  m_LocalEulerAnglesHint: {x: 0, y: 0, z: 0}
  m_AnchorMin: {x: 0, y: 0}
  m_AnchorMax: {x: 0, y: 0}
  m_AnchoredPosition: {x: 475, y: 185}
  m_SizeDelta: {x: 100, y: 100}
  m_Pivot: {x: 0, y: 0}
--- !u!224 &799993145 stripped
RectTransform:
  m_CorrespondingSourceObject: {fileID: 3462582415430958997, guid: bda2917804386b940b03505b9bb44269, type: 3}
  m_PrefabInstance: {fileID: 3462582414720127660}
  m_PrefabAsset: {fileID: 0}
--- !u!224 &857995464 stripped
RectTransform:
  m_CorrespondingSourceObject: {fileID: 9155174101296056457, guid: 5fb3644de3b45b348afe2521369cd692, type: 3}
  m_PrefabInstance: {fileID: 9155174102153588801}
  m_PrefabAsset: {fileID: 0}
--- !u!224 &864527535 stripped
RectTransform:
  m_CorrespondingSourceObject: {fileID: 294639120772504179, guid: 72554e119085917428819f098523f7c8, type: 3}
  m_PrefabInstance: {fileID: 294639120478879452}
  m_PrefabAsset: {fileID: 0}
--- !u!1 &990177263
GameObject:
  m_ObjectHideFlags: 0
  m_CorrespondingSourceObject: {fileID: 0}
  m_PrefabInstance: {fileID: 0}
  m_PrefabAsset: {fileID: 0}
  serializedVersion: 6
  m_Component:
  - component: {fileID: 990177264}
  m_Layer: 5
  m_Name: PlayArea1
  m_TagString: PlayArea1
  m_Icon: {fileID: 0}
  m_NavMeshLayer: 0
  m_StaticEditorFlags: 0
  m_IsActive: 1
--- !u!224 &990177264
RectTransform:
  m_ObjectHideFlags: 0
  m_CorrespondingSourceObject: {fileID: 0}
  m_PrefabInstance: {fileID: 0}
  m_PrefabAsset: {fileID: 0}
  m_GameObject: {fileID: 990177263}
  m_LocalRotation: {x: 0, y: 0, z: 0, w: 1}
  m_LocalPosition: {x: 0, y: 0, z: 0}
  m_LocalScale: {x: 1, y: 1, z: 1}
  m_Children: []
  m_Father: {fileID: 1885060594}
  m_RootOrder: 5
  m_LocalEulerAnglesHint: {x: 0, y: 0, z: 0}
  m_AnchorMin: {x: 0, y: 0}
  m_AnchorMax: {x: 0, y: 0}
  m_AnchoredPosition: {x: 0, y: 0}
  m_SizeDelta: {x: 100, y: 100}
  m_Pivot: {x: 0, y: 0}
--- !u!224 &1182751918 stripped
RectTransform:
  m_CorrespondingSourceObject: {fileID: 4861407081695628608, guid: c3d98f53cdcd64a4cb0c10672ed5a780, type: 3}
  m_PrefabInstance: {fileID: 4861407080595460590}
  m_PrefabAsset: {fileID: 0}
--- !u!224 &1240391594 stripped
RectTransform:
  m_CorrespondingSourceObject: {fileID: 6383472751284639439, guid: 8350a8bba2184fd41beb81ba9ec19d41, type: 3}
  m_PrefabInstance: {fileID: 6383472750053951845}
  m_PrefabAsset: {fileID: 0}
--- !u!1 &1248384809
GameObject:
  m_ObjectHideFlags: 0
  m_CorrespondingSourceObject: {fileID: 0}
  m_PrefabInstance: {fileID: 0}
  m_PrefabAsset: {fileID: 0}
  serializedVersion: 6
  m_Component:
  - component: {fileID: 1248384810}
  m_Layer: 5
  m_Name: DustArea2
  m_TagString: Untagged
  m_Icon: {fileID: 0}
  m_NavMeshLayer: 0
  m_StaticEditorFlags: 0
  m_IsActive: 1
--- !u!224 &1248384810
RectTransform:
  m_ObjectHideFlags: 0
  m_CorrespondingSourceObject: {fileID: 0}
  m_PrefabInstance: {fileID: 0}
  m_PrefabAsset: {fileID: 0}
  m_GameObject: {fileID: 1248384809}
  m_LocalRotation: {x: 0, y: 0, z: 0, w: 1}
  m_LocalPosition: {x: 0, y: 0, z: 0}
  m_LocalScale: {x: 1, y: 1, z: 1}
  m_Children: []
  m_Father: {fileID: 1885060594}
  m_RootOrder: 10
  m_LocalEulerAnglesHint: {x: 0, y: 0, z: 0}
  m_AnchorMin: {x: 1, y: 0.5}
  m_AnchorMax: {x: 1, y: 0.5}
  m_AnchoredPosition: {x: -323, y: -125}
  m_SizeDelta: {x: 100, y: 100}
  m_Pivot: {x: 1, y: 0.5}
--- !u!1 &1390944693
GameObject:
  m_ObjectHideFlags: 0
  m_CorrespondingSourceObject: {fileID: 0}
  m_PrefabInstance: {fileID: 0}
  m_PrefabAsset: {fileID: 0}
  serializedVersion: 6
  m_Component:
  - component: {fileID: 1390944694}
  m_Layer: 5
  m_Name: DustContainer
  m_TagString: Untagged
  m_Icon: {fileID: 0}
  m_NavMeshLayer: 0
  m_StaticEditorFlags: 0
  m_IsActive: 1
--- !u!224 &1390944694
RectTransform:
  m_ObjectHideFlags: 0
  m_CorrespondingSourceObject: {fileID: 0}
  m_PrefabInstance: {fileID: 0}
  m_PrefabAsset: {fileID: 0}
  m_GameObject: {fileID: 1390944693}
  m_LocalRotation: {x: 0, y: 0, z: 0, w: 1}
  m_LocalPosition: {x: 0, y: 0, z: 0}
  m_LocalScale: {x: 1, y: 1, z: 1}
  m_Children: []
  m_Father: {fileID: 1885060594}
  m_RootOrder: 7
  m_LocalEulerAnglesHint: {x: 0, y: 0, z: 0}
  m_AnchorMin: {x: 0.5, y: 0.5}
  m_AnchorMax: {x: 0.5, y: 0.5}
  m_AnchoredPosition: {x: 0, y: 0}
  m_SizeDelta: {x: 100, y: 100}
  m_Pivot: {x: 0.5, y: 0.5}
--- !u!1001 &1417271860
PrefabInstance:
  m_ObjectHideFlags: 0
  serializedVersion: 2
  m_Modification:
    m_TransformParent: {fileID: 1659292452}
    m_Modifications:
    - target: {fileID: 8664474134669472612, guid: 416214c12a480d0448d3e5e3e1ca4112, type: 3}
      propertyPath: m_IsActive
      value: 1
      objectReference: {fileID: 0}
    - target: {fileID: 3462582415430958996, guid: bda2917804386b940b03505b9bb44269, type: 3}
      propertyPath: m_Name
      value: Food (1)
      objectReference: {fileID: 0}
    - target: {fileID: 3462582415430958997, guid: bda2917804386b940b03505b9bb44269, type: 3}
      propertyPath: m_Pivot.x
      value: 0.5
      objectReference: {fileID: 0}
    - target: {fileID: 3462582415430958997, guid: bda2917804386b940b03505b9bb44269, type: 3}
      propertyPath: m_Pivot.y
      value: 0.5
      objectReference: {fileID: 0}
    - target: {fileID: 3462582415430958997, guid: bda2917804386b940b03505b9bb44269, type: 3}
      propertyPath: m_RootOrder
      value: 7
      objectReference: {fileID: 0}
    - target: {fileID: 3462582415430958997, guid: bda2917804386b940b03505b9bb44269, type: 3}
      propertyPath: m_AnchorMax.x
      value: 0.5
      objectReference: {fileID: 0}
    - target: {fileID: 3462582415430958997, guid: bda2917804386b940b03505b9bb44269, type: 3}
      propertyPath: m_AnchorMax.y
      value: 0.5
      objectReference: {fileID: 0}
    - target: {fileID: 3462582415430958997, guid: bda2917804386b940b03505b9bb44269, type: 3}
      propertyPath: m_AnchorMin.x
      value: 0.5
      objectReference: {fileID: 0}
    - target: {fileID: 3462582415430958997, guid: bda2917804386b940b03505b9bb44269, type: 3}
      propertyPath: m_AnchorMin.y
      value: 0.5
      objectReference: {fileID: 0}
    - target: {fileID: 3462582415430958997, guid: bda2917804386b940b03505b9bb44269, type: 3}
      propertyPath: m_SizeDelta.x
      value: 132.02002
      objectReference: {fileID: 0}
    - target: {fileID: 3462582415430958997, guid: bda2917804386b940b03505b9bb44269, type: 3}
      propertyPath: m_SizeDelta.y
      value: 113.53998
      objectReference: {fileID: 0}
    - target: {fileID: 3462582415430958997, guid: bda2917804386b940b03505b9bb44269, type: 3}
      propertyPath: m_LocalPosition.x
      value: 0
      objectReference: {fileID: 0}
    - target: {fileID: 3462582415430958997, guid: bda2917804386b940b03505b9bb44269, type: 3}
      propertyPath: m_LocalPosition.y
      value: 0
      objectReference: {fileID: 0}
    - target: {fileID: 3462582415430958997, guid: bda2917804386b940b03505b9bb44269, type: 3}
      propertyPath: m_LocalPosition.z
      value: 0
      objectReference: {fileID: 0}
    - target: {fileID: 3462582415430958997, guid: bda2917804386b940b03505b9bb44269, type: 3}
      propertyPath: m_LocalRotation.w
      value: 1
      objectReference: {fileID: 0}
    - target: {fileID: 3462582415430958997, guid: bda2917804386b940b03505b9bb44269, type: 3}
      propertyPath: m_LocalRotation.x
      value: -0
      objectReference: {fileID: 0}
    - target: {fileID: 3462582415430958997, guid: bda2917804386b940b03505b9bb44269, type: 3}
      propertyPath: m_LocalRotation.y
      value: -0
      objectReference: {fileID: 0}
    - target: {fileID: 3462582415430958997, guid: bda2917804386b940b03505b9bb44269, type: 3}
      propertyPath: m_LocalRotation.z
      value: -0
      objectReference: {fileID: 0}
    - target: {fileID: 3462582415430958997, guid: bda2917804386b940b03505b9bb44269, type: 3}
      propertyPath: m_AnchoredPosition.x
      value: -186
      objectReference: {fileID: 0}
    - target: {fileID: 3462582415430958997, guid: bda2917804386b940b03505b9bb44269, type: 3}
      propertyPath: m_AnchoredPosition.y
      value: -444
      objectReference: {fileID: 0}
    - target: {fileID: 3462582415430958997, guid: bda2917804386b940b03505b9bb44269, type: 3}
      propertyPath: m_LocalEulerAnglesHint.x
      value: 0
      objectReference: {fileID: 0}
    - target: {fileID: 3462582415430958997, guid: bda2917804386b940b03505b9bb44269, type: 3}
      propertyPath: m_LocalEulerAnglesHint.y
      value: 0
      objectReference: {fileID: 0}
    - target: {fileID: 3462582415430958997, guid: bda2917804386b940b03505b9bb44269, type: 3}
      propertyPath: m_LocalEulerAnglesHint.z
      value: 0
      objectReference: {fileID: 0}
    m_RemovedComponents: []
  m_SourcePrefab: {fileID: 100100000, guid: bda2917804386b940b03505b9bb44269, type: 3}
--- !u!224 &1417271861 stripped
RectTransform:
  m_CorrespondingSourceObject: {fileID: 3462582415430958997, guid: bda2917804386b940b03505b9bb44269, type: 3}
  m_PrefabInstance: {fileID: 1417271860}
  m_PrefabAsset: {fileID: 0}
--- !u!224 &1420666377 stripped
RectTransform:
  m_CorrespondingSourceObject: {fileID: 303866659691269393, guid: 1bfcf8588c3b23e48ade353d888dcd6b, type: 3}
  m_PrefabInstance: {fileID: 303866658271144728}
  m_PrefabAsset: {fileID: 0}
--- !u!1 &1582184555
GameObject:
  m_ObjectHideFlags: 0
  m_CorrespondingSourceObject: {fileID: 0}
  m_PrefabInstance: {fileID: 0}
  m_PrefabAsset: {fileID: 0}
  serializedVersion: 6
  m_Component:
  - component: {fileID: 1582184556}
  - component: {fileID: 1582184557}
  m_Layer: 5
  m_Name: Container
  m_TagString: Container
  m_Icon: {fileID: 0}
  m_NavMeshLayer: 0
  m_StaticEditorFlags: 0
  m_IsActive: 1
--- !u!224 &1582184556
RectTransform:
  m_ObjectHideFlags: 0
  m_CorrespondingSourceObject: {fileID: 0}
  m_PrefabInstance: {fileID: 0}
  m_PrefabAsset: {fileID: 0}
  m_GameObject: {fileID: 1582184555}
  m_LocalRotation: {x: 0, y: 0, z: 0, w: 1}
  m_LocalPosition: {x: 0, y: 0, z: 0}
  m_LocalScale: {x: 1, y: 1, z: 1}
  m_Children:
  - {fileID: 1961702042}
  m_Father: {fileID: 1885060594}
  m_RootOrder: 8
  m_LocalEulerAnglesHint: {x: 0, y: 0, z: 0}
  m_AnchorMin: {x: 0.5, y: 0.5}
  m_AnchorMax: {x: 0.5, y: 0.5}
  m_AnchoredPosition: {x: 0, y: 0}
  m_SizeDelta: {x: 100, y: 100}
  m_Pivot: {x: 0.5, y: 0.5}
--- !u!114 &1582184557
MonoBehaviour:
  m_ObjectHideFlags: 0
  m_CorrespondingSourceObject: {fileID: 0}
  m_PrefabInstance: {fileID: 0}
  m_PrefabAsset: {fileID: 0}
  m_GameObject: {fileID: 1582184555}
  m_Enabled: 1
  m_EditorHideFlags: 0
  m_Script: {fileID: 11500000, guid: 5849482dbb85f4140908fe0f5e3db081, type: 3}
  m_Name: 
  m_EditorClassIdentifier: 
--- !u!1 &1659292451
GameObject:
  m_ObjectHideFlags: 0
  m_CorrespondingSourceObject: {fileID: 0}
  m_PrefabInstance: {fileID: 0}
  m_PrefabAsset: {fileID: 0}
  serializedVersion: 6
  m_Component:
  - component: {fileID: 1659292452}
  m_Layer: 5
  m_Name: House
  m_TagString: Untagged
  m_Icon: {fileID: 0}
  m_NavMeshLayer: 0
  m_StaticEditorFlags: 0
  m_IsActive: 1
--- !u!224 &1659292452
RectTransform:
  m_ObjectHideFlags: 0
  m_CorrespondingSourceObject: {fileID: 0}
  m_PrefabInstance: {fileID: 0}
  m_PrefabAsset: {fileID: 0}
  m_GameObject: {fileID: 1659292451}
  m_LocalRotation: {x: 0, y: 0, z: 0, w: 1}
  m_LocalPosition: {x: 0, y: 0, z: 0}
  m_LocalScale: {x: 1, y: 1, z: 1}
  m_Children:
  - {fileID: 2814749858283070327}
  - {fileID: 1420666377}
  - {fileID: 799993145}
  - {fileID: 582763301}
  - {fileID: 1240391594}
  - {fileID: 864527535}
  - {fileID: 1973396310}
  - {fileID: 1417271861}
  m_Father: {fileID: 1885060594}
  m_RootOrder: 1
  m_LocalEulerAnglesHint: {x: 0, y: 0, z: 0}
  m_AnchorMin: {x: 0, y: 0}
  m_AnchorMax: {x: 1, y: 1}
  m_AnchoredPosition: {x: 0, y: 0}
  m_SizeDelta: {x: 0, y: 0}
  m_Pivot: {x: 0.5, y: 0.5}
--- !u!1 &1846271327
GameObject:
  m_ObjectHideFlags: 0
  m_CorrespondingSourceObject: {fileID: 0}
  m_PrefabInstance: {fileID: 0}
  m_PrefabAsset: {fileID: 0}
  serializedVersion: 6
  m_Component:
  - component: {fileID: 1846271328}
  m_Layer: 5
  m_Name: PlayArea2
  m_TagString: PlayArea2
  m_Icon: {fileID: 0}
  m_NavMeshLayer: 0
  m_StaticEditorFlags: 0
  m_IsActive: 1
--- !u!224 &1846271328
RectTransform:
  m_ObjectHideFlags: 0
  m_CorrespondingSourceObject: {fileID: 0}
  m_PrefabInstance: {fileID: 0}
  m_PrefabAsset: {fileID: 0}
  m_GameObject: {fileID: 1846271327}
  m_LocalRotation: {x: 0, y: 0, z: 0, w: 1}
  m_LocalPosition: {x: 0, y: 0, z: 0}
  m_LocalScale: {x: 1, y: 1, z: 1}
  m_Children: []
  m_Father: {fileID: 1885060594}
  m_RootOrder: 6
  m_LocalEulerAnglesHint: {x: 0, y: 0, z: 0}
  m_AnchorMin: {x: 1, y: 0.5}
  m_AnchorMax: {x: 1, y: 0.5}
  m_AnchoredPosition: {x: 0, y: 84}
  m_SizeDelta: {x: 100, y: 100}
  m_Pivot: {x: 1, y: 0.5}
--- !u!1 &1885060590
GameObject:
  m_ObjectHideFlags: 0
  m_CorrespondingSourceObject: {fileID: 0}
  m_PrefabInstance: {fileID: 0}
  m_PrefabAsset: {fileID: 0}
  serializedVersion: 6
  m_Component:
  - component: {fileID: 1885060594}
  - component: {fileID: 1885060593}
  - component: {fileID: 1885060592}
  - component: {fileID: 1885060591}
  - component: {fileID: 1885060595}
  m_Layer: 5
  m_Name: Canvas
  m_TagString: MainCanvas
  m_Icon: {fileID: 0}
  m_NavMeshLayer: 0
  m_StaticEditorFlags: 0
  m_IsActive: 1
--- !u!114 &1885060591
MonoBehaviour:
  m_ObjectHideFlags: 0
  m_CorrespondingSourceObject: {fileID: 0}
  m_PrefabInstance: {fileID: 0}
  m_PrefabAsset: {fileID: 0}
  m_GameObject: {fileID: 1885060590}
  m_Enabled: 1
  m_EditorHideFlags: 0
  m_Script: {fileID: 11500000, guid: dc42784cf147c0c48a680349fa168899, type: 3}
  m_Name: 
  m_EditorClassIdentifier: 
  m_IgnoreReversedGraphics: 1
  m_BlockingObjects: 0
  m_BlockingMask:
    serializedVersion: 2
    m_Bits: 4294967295
--- !u!114 &1885060592
MonoBehaviour:
  m_ObjectHideFlags: 0
  m_CorrespondingSourceObject: {fileID: 0}
  m_PrefabInstance: {fileID: 0}
  m_PrefabAsset: {fileID: 0}
  m_GameObject: {fileID: 1885060590}
  m_Enabled: 1
  m_EditorHideFlags: 0
  m_Script: {fileID: 11500000, guid: 0cd44c1031e13a943bb63640046fad76, type: 3}
  m_Name: 
  m_EditorClassIdentifier: 
  m_UiScaleMode: 1
  m_ReferencePixelsPerUnit: 100
  m_ScaleFactor: 1
  m_ReferenceResolution: {x: 1080, y: 1920}
  m_ScreenMatchMode: 0
  m_MatchWidthOrHeight: 0.5
  m_PhysicalUnit: 3
  m_FallbackScreenDPI: 96
  m_DefaultSpriteDPI: 96
  m_DynamicPixelsPerUnit: 1
  m_PresetInfoIsWorld: 0
--- !u!223 &1885060593
Canvas:
  m_ObjectHideFlags: 0
  m_CorrespondingSourceObject: {fileID: 0}
  m_PrefabInstance: {fileID: 0}
  m_PrefabAsset: {fileID: 0}
  m_GameObject: {fileID: 1885060590}
  m_Enabled: 1
  serializedVersion: 3
  m_RenderMode: 1
  m_Camera: {fileID: 519420031}
  m_PlaneDistance: 100
  m_PixelPerfect: 0
  m_ReceivesEvents: 1
  m_OverrideSorting: 0
  m_OverridePixelPerfect: 0
  m_SortingBucketNormalizedSize: 0
  m_AdditionalShaderChannelsFlag: 25
  m_SortingLayerID: 0
  m_SortingOrder: 0
  m_TargetDisplay: 0
--- !u!224 &1885060594
RectTransform:
  m_ObjectHideFlags: 0
  m_CorrespondingSourceObject: {fileID: 0}
  m_PrefabInstance: {fileID: 0}
  m_PrefabAsset: {fileID: 0}
  m_GameObject: {fileID: 1885060590}
  m_LocalRotation: {x: 0, y: 0, z: 0, w: 1}
  m_LocalPosition: {x: 0, y: 0, z: 0}
  m_LocalScale: {x: 0, y: 0, z: 0}
  m_Children:
  - {fileID: 497643553}
  - {fileID: 1659292452}
  - {fileID: 857995464}
  - {fileID: 1182751918}
  - {fileID: 94903934}
  - {fileID: 990177264}
  - {fileID: 1846271328}
  - {fileID: 1390944694}
  - {fileID: 1582184556}
  - {fileID: 779828994}
  - {fileID: 1248384810}
  m_Father: {fileID: 0}
  m_RootOrder: 1
  m_LocalEulerAnglesHint: {x: 0, y: 0, z: 0}
  m_AnchorMin: {x: 0, y: 0}
  m_AnchorMax: {x: 0, y: 0}
  m_AnchoredPosition: {x: 0, y: 0}
  m_SizeDelta: {x: 0, y: 0}
  m_Pivot: {x: 0, y: 0}
--- !u!114 &1885060595
MonoBehaviour:
  m_ObjectHideFlags: 0
  m_CorrespondingSourceObject: {fileID: 0}
  m_PrefabInstance: {fileID: 0}
  m_PrefabAsset: {fileID: 0}
  m_GameObject: {fileID: 1885060590}
  m_Enabled: 1
  m_EditorHideFlags: 0
  m_Script: {fileID: 11500000, guid: e72cb57fa64bf684aa93cb0705380db0, type: 3}
  m_Name: 
  m_EditorClassIdentifier: 
  gameOverObject: {fileID: 4861407080595460591}
  pauseObject: {fileID: 600816531126027838}
--- !u!1 &1937992240
GameObject:
  m_ObjectHideFlags: 0
  m_CorrespondingSourceObject: {fileID: 0}
  m_PrefabInstance: {fileID: 0}
  m_PrefabAsset: {fileID: 0}
  serializedVersion: 6
  m_Component:
  - component: {fileID: 1937992243}
  - component: {fileID: 1937992242}
  - component: {fileID: 1937992241}
  m_Layer: 0
  m_Name: EventSystem
  m_TagString: Untagged
  m_Icon: {fileID: 0}
  m_NavMeshLayer: 0
  m_StaticEditorFlags: 0
  m_IsActive: 1
--- !u!114 &1937992241
MonoBehaviour:
  m_ObjectHideFlags: 0
  m_CorrespondingSourceObject: {fileID: 0}
  m_PrefabInstance: {fileID: 0}
  m_PrefabAsset: {fileID: 0}
  m_GameObject: {fileID: 1937992240}
  m_Enabled: 1
  m_EditorHideFlags: 0
  m_Script: {fileID: 11500000, guid: 4f231c4fb786f3946a6b90b886c48677, type: 3}
  m_Name: 
  m_EditorClassIdentifier: 
  m_HorizontalAxis: Horizontal
  m_VerticalAxis: Vertical
  m_SubmitButton: Submit
  m_CancelButton: Cancel
  m_InputActionsPerSecond: 10
  m_RepeatDelay: 0.5
  m_ForceModuleActive: 0
--- !u!114 &1937992242
MonoBehaviour:
  m_ObjectHideFlags: 0
  m_CorrespondingSourceObject: {fileID: 0}
  m_PrefabInstance: {fileID: 0}
  m_PrefabAsset: {fileID: 0}
  m_GameObject: {fileID: 1937992240}
  m_Enabled: 1
  m_EditorHideFlags: 0
  m_Script: {fileID: 11500000, guid: 76c392e42b5098c458856cdf6ecaaaa1, type: 3}
  m_Name: 
  m_EditorClassIdentifier: 
  m_FirstSelected: {fileID: 0}
  m_sendNavigationEvents: 1
  m_DragThreshold: 10
--- !u!4 &1937992243
Transform:
  m_ObjectHideFlags: 0
  m_CorrespondingSourceObject: {fileID: 0}
  m_PrefabInstance: {fileID: 0}
  m_PrefabAsset: {fileID: 0}
  m_GameObject: {fileID: 1937992240}
  m_LocalRotation: {x: 0, y: 0, z: 0, w: 1}
  m_LocalPosition: {x: 0, y: 0, z: 0}
  m_LocalScale: {x: 1, y: 1, z: 1}
  m_Children: []
  m_Father: {fileID: 0}
  m_RootOrder: 2
  m_LocalEulerAnglesHint: {x: 0, y: 0, z: 0}
--- !u!224 &1961702042 stripped
RectTransform:
  m_CorrespondingSourceObject: {fileID: 9133241053396340381, guid: 098f07556e962b3469493e594827bd7c, type: 3}
  m_PrefabInstance: {fileID: 9133241054799674375}
  m_PrefabAsset: {fileID: 0}
--- !u!224 &1973396310 stripped
RectTransform:
  m_CorrespondingSourceObject: {fileID: 2723952796634291028, guid: 13d26940f867b254fb3c3e3b1f43aef5, type: 3}
  m_PrefabInstance: {fileID: 2723952795249948674}
  m_PrefabAsset: {fileID: 0}
--- !u!1001 &294639120478879452
PrefabInstance:
  m_ObjectHideFlags: 0
  serializedVersion: 2
  m_Modification:
    m_TransformParent: {fileID: 1659292452}
    m_Modifications:
    - target: {fileID: 294639120772504178, guid: 72554e119085917428819f098523f7c8, type: 3}
      propertyPath: m_Name
      value: Sofa 2
      objectReference: {fileID: 0}
    - target: {fileID: 294639120772504179, guid: 72554e119085917428819f098523f7c8, type: 3}
      propertyPath: m_Pivot.x
      value: 0.5
      objectReference: {fileID: 0}
    - target: {fileID: 294639120772504179, guid: 72554e119085917428819f098523f7c8, type: 3}
      propertyPath: m_Pivot.y
      value: 0.5
      objectReference: {fileID: 0}
    - target: {fileID: 294639120772504179, guid: 72554e119085917428819f098523f7c8, type: 3}
      propertyPath: m_RootOrder
      value: 5
      objectReference: {fileID: 0}
    - target: {fileID: 294639120772504179, guid: 72554e119085917428819f098523f7c8, type: 3}
      propertyPath: m_AnchorMax.x
      value: 0.5
      objectReference: {fileID: 0}
    - target: {fileID: 294639120772504179, guid: 72554e119085917428819f098523f7c8, type: 3}
      propertyPath: m_AnchorMax.y
      value: 0.5
      objectReference: {fileID: 0}
    - target: {fileID: 294639120772504179, guid: 72554e119085917428819f098523f7c8, type: 3}
      propertyPath: m_AnchorMin.x
      value: 0.5
      objectReference: {fileID: 0}
    - target: {fileID: 294639120772504179, guid: 72554e119085917428819f098523f7c8, type: 3}
      propertyPath: m_AnchorMin.y
      value: 0.5
      objectReference: {fileID: 0}
    - target: {fileID: 294639120772504179, guid: 72554e119085917428819f098523f7c8, type: 3}
      propertyPath: m_SizeDelta.x
      value: 188.43
      objectReference: {fileID: 0}
    - target: {fileID: 294639120772504179, guid: 72554e119085917428819f098523f7c8, type: 3}
      propertyPath: m_SizeDelta.y
      value: 367.15
      objectReference: {fileID: 0}
    - target: {fileID: 294639120772504179, guid: 72554e119085917428819f098523f7c8, type: 3}
      propertyPath: m_LocalPosition.x
      value: 0
      objectReference: {fileID: 0}
    - target: {fileID: 294639120772504179, guid: 72554e119085917428819f098523f7c8, type: 3}
      propertyPath: m_LocalPosition.y
      value: 0
      objectReference: {fileID: 0}
    - target: {fileID: 294639120772504179, guid: 72554e119085917428819f098523f7c8, type: 3}
      propertyPath: m_LocalPosition.z
      value: 0
      objectReference: {fileID: 0}
    - target: {fileID: 294639120772504179, guid: 72554e119085917428819f098523f7c8, type: 3}
      propertyPath: m_LocalRotation.w
      value: 1
      objectReference: {fileID: 0}
    - target: {fileID: 294639120772504179, guid: 72554e119085917428819f098523f7c8, type: 3}
      propertyPath: m_LocalRotation.x
      value: -0
      objectReference: {fileID: 0}
    - target: {fileID: 294639120772504179, guid: 72554e119085917428819f098523f7c8, type: 3}
      propertyPath: m_LocalRotation.y
      value: -0
      objectReference: {fileID: 0}
    - target: {fileID: 294639120772504179, guid: 72554e119085917428819f098523f7c8, type: 3}
      propertyPath: m_LocalRotation.z
      value: -0
      objectReference: {fileID: 0}
    - target: {fileID: 294639120772504179, guid: 72554e119085917428819f098523f7c8, type: 3}
      propertyPath: m_AnchoredPosition.x
      value: -712.99994
      objectReference: {fileID: 0}
    - target: {fileID: 294639120772504179, guid: 72554e119085917428819f098523f7c8, type: 3}
      propertyPath: m_AnchoredPosition.y
      value: -263
      objectReference: {fileID: 0}
    - target: {fileID: 294639120772504179, guid: 72554e119085917428819f098523f7c8, type: 3}
      propertyPath: m_LocalEulerAnglesHint.x
      value: 0
      objectReference: {fileID: 0}
    - target: {fileID: 294639120772504179, guid: 72554e119085917428819f098523f7c8, type: 3}
      propertyPath: m_LocalEulerAnglesHint.y
      value: 0
      objectReference: {fileID: 0}
    - target: {fileID: 294639120772504179, guid: 72554e119085917428819f098523f7c8, type: 3}
      propertyPath: m_LocalEulerAnglesHint.z
      value: 0
      objectReference: {fileID: 0}
    m_RemovedComponents: []
  m_SourcePrefab: {fileID: 100100000, guid: 72554e119085917428819f098523f7c8, type: 3}
--- !u!1001 &303866658271144728
PrefabInstance:
  m_ObjectHideFlags: 0
  serializedVersion: 2
  m_Modification:
    m_TransformParent: {fileID: 1659292452}
    m_Modifications:
    - target: {fileID: 303866659691269392, guid: 1bfcf8588c3b23e48ade353d888dcd6b, type: 3}
      propertyPath: m_Name
      value: Table
      objectReference: {fileID: 0}
    - target: {fileID: 303866659691269393, guid: 1bfcf8588c3b23e48ade353d888dcd6b, type: 3}
      propertyPath: m_Pivot.x
      value: 0.5
      objectReference: {fileID: 0}
    - target: {fileID: 303866659691269393, guid: 1bfcf8588c3b23e48ade353d888dcd6b, type: 3}
      propertyPath: m_Pivot.y
      value: 0.5
      objectReference: {fileID: 0}
    - target: {fileID: 303866659691269393, guid: 1bfcf8588c3b23e48ade353d888dcd6b, type: 3}
      propertyPath: m_RootOrder
      value: 1
      objectReference: {fileID: 0}
    - target: {fileID: 303866659691269393, guid: 1bfcf8588c3b23e48ade353d888dcd6b, type: 3}
      propertyPath: m_AnchorMax.x
      value: 0.5
      objectReference: {fileID: 0}
    - target: {fileID: 303866659691269393, guid: 1bfcf8588c3b23e48ade353d888dcd6b, type: 3}
      propertyPath: m_AnchorMax.y
      value: 0.5
      objectReference: {fileID: 0}
    - target: {fileID: 303866659691269393, guid: 1bfcf8588c3b23e48ade353d888dcd6b, type: 3}
      propertyPath: m_AnchorMin.x
      value: 0.5
      objectReference: {fileID: 0}
    - target: {fileID: 303866659691269393, guid: 1bfcf8588c3b23e48ade353d888dcd6b, type: 3}
      propertyPath: m_AnchorMin.y
      value: 0.5
      objectReference: {fileID: 0}
    - target: {fileID: 303866659691269393, guid: 1bfcf8588c3b23e48ade353d888dcd6b, type: 3}
      propertyPath: m_SizeDelta.x
      value: 188.43
      objectReference: {fileID: 0}
    - target: {fileID: 303866659691269393, guid: 1bfcf8588c3b23e48ade353d888dcd6b, type: 3}
      propertyPath: m_SizeDelta.y
      value: 216.58
      objectReference: {fileID: 0}
    - target: {fileID: 303866659691269393, guid: 1bfcf8588c3b23e48ade353d888dcd6b, type: 3}
      propertyPath: m_LocalPosition.x
      value: 0
      objectReference: {fileID: 0}
    - target: {fileID: 303866659691269393, guid: 1bfcf8588c3b23e48ade353d888dcd6b, type: 3}
      propertyPath: m_LocalPosition.y
      value: 0
      objectReference: {fileID: 0}
    - target: {fileID: 303866659691269393, guid: 1bfcf8588c3b23e48ade353d888dcd6b, type: 3}
      propertyPath: m_LocalPosition.z
      value: 0
      objectReference: {fileID: 0}
    - target: {fileID: 303866659691269393, guid: 1bfcf8588c3b23e48ade353d888dcd6b, type: 3}
      propertyPath: m_LocalRotation.w
      value: 1
      objectReference: {fileID: 0}
    - target: {fileID: 303866659691269393, guid: 1bfcf8588c3b23e48ade353d888dcd6b, type: 3}
      propertyPath: m_LocalRotation.x
      value: -0
      objectReference: {fileID: 0}
    - target: {fileID: 303866659691269393, guid: 1bfcf8588c3b23e48ade353d888dcd6b, type: 3}
      propertyPath: m_LocalRotation.y
      value: -0
      objectReference: {fileID: 0}
    - target: {fileID: 303866659691269393, guid: 1bfcf8588c3b23e48ade353d888dcd6b, type: 3}
      propertyPath: m_LocalRotation.z
      value: -0
      objectReference: {fileID: 0}
    - target: {fileID: 303866659691269393, guid: 1bfcf8588c3b23e48ade353d888dcd6b, type: 3}
      propertyPath: m_AnchoredPosition.x
      value: -702.00024
      objectReference: {fileID: 0}
    - target: {fileID: 303866659691269393, guid: 1bfcf8588c3b23e48ade353d888dcd6b, type: 3}
      propertyPath: m_AnchoredPosition.y
      value: -15.000038
      objectReference: {fileID: 0}
    - target: {fileID: 303866659691269393, guid: 1bfcf8588c3b23e48ade353d888dcd6b, type: 3}
      propertyPath: m_LocalEulerAnglesHint.x
      value: 0
      objectReference: {fileID: 0}
    - target: {fileID: 303866659691269393, guid: 1bfcf8588c3b23e48ade353d888dcd6b, type: 3}
      propertyPath: m_LocalEulerAnglesHint.y
      value: 0
      objectReference: {fileID: 0}
    - target: {fileID: 303866659691269393, guid: 1bfcf8588c3b23e48ade353d888dcd6b, type: 3}
      propertyPath: m_LocalEulerAnglesHint.z
      value: 0
      objectReference: {fileID: 0}
    m_RemovedComponents: []
  m_SourcePrefab: {fileID: 100100000, guid: 1bfcf8588c3b23e48ade353d888dcd6b, type: 3}
--- !u!1001 &600816531126027837
PrefabInstance:
  m_ObjectHideFlags: 0
  serializedVersion: 2
  m_Modification:
    m_TransformParent: {fileID: 1885060594}
    m_Modifications:
    - target: {fileID: 600816531199957056, guid: 1518451fa0fc9d74bb71cbdacd657b1b, type: 3}
      propertyPath: m_Name
      value: Pause Screen
      objectReference: {fileID: 0}
    - target: {fileID: 600816531199957056, guid: 1518451fa0fc9d74bb71cbdacd657b1b, type: 3}
      propertyPath: m_IsActive
      value: 0
      objectReference: {fileID: 0}
    - target: {fileID: 600816531199957059, guid: 1518451fa0fc9d74bb71cbdacd657b1b, type: 3}
      propertyPath: m_Pivot.x
      value: 0.5
      objectReference: {fileID: 0}
    - target: {fileID: 600816531199957059, guid: 1518451fa0fc9d74bb71cbdacd657b1b, type: 3}
      propertyPath: m_Pivot.y
      value: 0.5
      objectReference: {fileID: 0}
    - target: {fileID: 600816531199957059, guid: 1518451fa0fc9d74bb71cbdacd657b1b, type: 3}
      propertyPath: m_RootOrder
      value: 4
      objectReference: {fileID: 0}
    - target: {fileID: 600816531199957059, guid: 1518451fa0fc9d74bb71cbdacd657b1b, type: 3}
      propertyPath: m_AnchorMax.x
      value: 1
      objectReference: {fileID: 0}
    - target: {fileID: 600816531199957059, guid: 1518451fa0fc9d74bb71cbdacd657b1b, type: 3}
      propertyPath: m_AnchorMax.y
      value: 1
      objectReference: {fileID: 0}
    - target: {fileID: 600816531199957059, guid: 1518451fa0fc9d74bb71cbdacd657b1b, type: 3}
      propertyPath: m_AnchorMin.x
      value: 0
      objectReference: {fileID: 0}
    - target: {fileID: 600816531199957059, guid: 1518451fa0fc9d74bb71cbdacd657b1b, type: 3}
      propertyPath: m_AnchorMin.y
      value: 0
      objectReference: {fileID: 0}
    - target: {fileID: 600816531199957059, guid: 1518451fa0fc9d74bb71cbdacd657b1b, type: 3}
      propertyPath: m_SizeDelta.x
      value: 0
      objectReference: {fileID: 0}
    - target: {fileID: 600816531199957059, guid: 1518451fa0fc9d74bb71cbdacd657b1b, type: 3}
      propertyPath: m_SizeDelta.y
      value: 0
      objectReference: {fileID: 0}
    - target: {fileID: 600816531199957059, guid: 1518451fa0fc9d74bb71cbdacd657b1b, type: 3}
      propertyPath: m_LocalPosition.x
      value: 0
      objectReference: {fileID: 0}
    - target: {fileID: 600816531199957059, guid: 1518451fa0fc9d74bb71cbdacd657b1b, type: 3}
      propertyPath: m_LocalPosition.y
      value: 0
      objectReference: {fileID: 0}
    - target: {fileID: 600816531199957059, guid: 1518451fa0fc9d74bb71cbdacd657b1b, type: 3}
      propertyPath: m_LocalPosition.z
      value: 0
      objectReference: {fileID: 0}
    - target: {fileID: 600816531199957059, guid: 1518451fa0fc9d74bb71cbdacd657b1b, type: 3}
      propertyPath: m_LocalRotation.w
      value: 1
      objectReference: {fileID: 0}
    - target: {fileID: 600816531199957059, guid: 1518451fa0fc9d74bb71cbdacd657b1b, type: 3}
      propertyPath: m_LocalRotation.x
      value: 0
      objectReference: {fileID: 0}
    - target: {fileID: 600816531199957059, guid: 1518451fa0fc9d74bb71cbdacd657b1b, type: 3}
      propertyPath: m_LocalRotation.y
      value: 0
      objectReference: {fileID: 0}
    - target: {fileID: 600816531199957059, guid: 1518451fa0fc9d74bb71cbdacd657b1b, type: 3}
      propertyPath: m_LocalRotation.z
      value: 0
      objectReference: {fileID: 0}
    - target: {fileID: 600816531199957059, guid: 1518451fa0fc9d74bb71cbdacd657b1b, type: 3}
      propertyPath: m_AnchoredPosition.x
      value: 0
      objectReference: {fileID: 0}
    - target: {fileID: 600816531199957059, guid: 1518451fa0fc9d74bb71cbdacd657b1b, type: 3}
      propertyPath: m_AnchoredPosition.y
      value: 0
      objectReference: {fileID: 0}
    - target: {fileID: 600816531199957059, guid: 1518451fa0fc9d74bb71cbdacd657b1b, type: 3}
      propertyPath: m_LocalEulerAnglesHint.x
      value: 0
      objectReference: {fileID: 0}
    - target: {fileID: 600816531199957059, guid: 1518451fa0fc9d74bb71cbdacd657b1b, type: 3}
      propertyPath: m_LocalEulerAnglesHint.y
      value: 0
      objectReference: {fileID: 0}
    - target: {fileID: 600816531199957059, guid: 1518451fa0fc9d74bb71cbdacd657b1b, type: 3}
      propertyPath: m_LocalEulerAnglesHint.z
      value: 0
      objectReference: {fileID: 0}
    m_RemovedComponents: []
  m_SourcePrefab: {fileID: 100100000, guid: 1518451fa0fc9d74bb71cbdacd657b1b, type: 3}
--- !u!1 &600816531126027838 stripped
GameObject:
  m_CorrespondingSourceObject: {fileID: 600816531199957056, guid: 1518451fa0fc9d74bb71cbdacd657b1b, type: 3}
  m_PrefabInstance: {fileID: 600816531126027837}
  m_PrefabAsset: {fileID: 0}
--- !u!1001 &823428120116061957
PrefabInstance:
  m_ObjectHideFlags: 0
  serializedVersion: 2
  m_Modification:
    m_TransformParent: {fileID: 1659292452}
    m_Modifications:
    - target: {fileID: 823428119605650464, guid: d2b0edac55133d94b956f51c64e380c3, type: 3}
      propertyPath: m_Pivot.x
      value: 0.5
      objectReference: {fileID: 0}
    - target: {fileID: 823428119605650464, guid: d2b0edac55133d94b956f51c64e380c3, type: 3}
      propertyPath: m_Pivot.y
      value: 0.5
      objectReference: {fileID: 0}
    - target: {fileID: 823428119605650464, guid: d2b0edac55133d94b956f51c64e380c3, type: 3}
      propertyPath: m_RootOrder
      value: 3
      objectReference: {fileID: 0}
    - target: {fileID: 823428119605650464, guid: d2b0edac55133d94b956f51c64e380c3, type: 3}
      propertyPath: m_AnchorMax.x
      value: 0.5
      objectReference: {fileID: 0}
    - target: {fileID: 823428119605650464, guid: d2b0edac55133d94b956f51c64e380c3, type: 3}
      propertyPath: m_AnchorMax.y
      value: 0.5
      objectReference: {fileID: 0}
    - target: {fileID: 823428119605650464, guid: d2b0edac55133d94b956f51c64e380c3, type: 3}
      propertyPath: m_AnchorMin.x
      value: 0.5
      objectReference: {fileID: 0}
    - target: {fileID: 823428119605650464, guid: d2b0edac55133d94b956f51c64e380c3, type: 3}
      propertyPath: m_AnchorMin.y
      value: 0.5
      objectReference: {fileID: 0}
    - target: {fileID: 823428119605650464, guid: d2b0edac55133d94b956f51c64e380c3, type: 3}
      propertyPath: m_SizeDelta.x
      value: 213.25
      objectReference: {fileID: 0}
    - target: {fileID: 823428119605650464, guid: d2b0edac55133d94b956f51c64e380c3, type: 3}
      propertyPath: m_SizeDelta.y
      value: 141.18
      objectReference: {fileID: 0}
    - target: {fileID: 823428119605650464, guid: d2b0edac55133d94b956f51c64e380c3, type: 3}
      propertyPath: m_LocalPosition.x
      value: 0
      objectReference: {fileID: 0}
    - target: {fileID: 823428119605650464, guid: d2b0edac55133d94b956f51c64e380c3, type: 3}
      propertyPath: m_LocalPosition.y
      value: 0
      objectReference: {fileID: 0}
    - target: {fileID: 823428119605650464, guid: d2b0edac55133d94b956f51c64e380c3, type: 3}
      propertyPath: m_LocalPosition.z
      value: 0
      objectReference: {fileID: 0}
    - target: {fileID: 823428119605650464, guid: d2b0edac55133d94b956f51c64e380c3, type: 3}
      propertyPath: m_LocalRotation.w
      value: 1
      objectReference: {fileID: 0}
    - target: {fileID: 823428119605650464, guid: d2b0edac55133d94b956f51c64e380c3, type: 3}
      propertyPath: m_LocalRotation.x
      value: -0
      objectReference: {fileID: 0}
    - target: {fileID: 823428119605650464, guid: d2b0edac55133d94b956f51c64e380c3, type: 3}
      propertyPath: m_LocalRotation.y
      value: -0
      objectReference: {fileID: 0}
    - target: {fileID: 823428119605650464, guid: d2b0edac55133d94b956f51c64e380c3, type: 3}
      propertyPath: m_LocalRotation.z
      value: -0
      objectReference: {fileID: 0}
    - target: {fileID: 823428119605650464, guid: d2b0edac55133d94b956f51c64e380c3, type: 3}
      propertyPath: m_AnchoredPosition.x
      value: 312.6
      objectReference: {fileID: 0}
    - target: {fileID: 823428119605650464, guid: d2b0edac55133d94b956f51c64e380c3, type: 3}
      propertyPath: m_AnchoredPosition.y
      value: -435.99997
      objectReference: {fileID: 0}
    - target: {fileID: 823428119605650464, guid: d2b0edac55133d94b956f51c64e380c3, type: 3}
      propertyPath: m_LocalEulerAnglesHint.x
      value: 0
      objectReference: {fileID: 0}
    - target: {fileID: 823428119605650464, guid: d2b0edac55133d94b956f51c64e380c3, type: 3}
      propertyPath: m_LocalEulerAnglesHint.y
      value: 0
      objectReference: {fileID: 0}
    - target: {fileID: 823428119605650464, guid: d2b0edac55133d94b956f51c64e380c3, type: 3}
      propertyPath: m_LocalEulerAnglesHint.z
      value: 0
      objectReference: {fileID: 0}
    - target: {fileID: 823428119605650465, guid: d2b0edac55133d94b956f51c64e380c3, type: 3}
      propertyPath: m_Name
      value: Sandbox
      objectReference: {fileID: 0}
    m_RemovedComponents: []
  m_SourcePrefab: {fileID: 100100000, guid: d2b0edac55133d94b956f51c64e380c3, type: 3}
--- !u!1001 &2723952795249948674
PrefabInstance:
  m_ObjectHideFlags: 0
  serializedVersion: 2
  m_Modification:
    m_TransformParent: {fileID: 1659292452}
    m_Modifications:
    - target: {fileID: 2723952796634291028, guid: 13d26940f867b254fb3c3e3b1f43aef5, type: 3}
      propertyPath: m_Pivot.x
      value: 0.5
      objectReference: {fileID: 0}
    - target: {fileID: 2723952796634291028, guid: 13d26940f867b254fb3c3e3b1f43aef5, type: 3}
      propertyPath: m_Pivot.y
      value: 0.5
      objectReference: {fileID: 0}
    - target: {fileID: 2723952796634291028, guid: 13d26940f867b254fb3c3e3b1f43aef5, type: 3}
      propertyPath: m_RootOrder
      value: 6
      objectReference: {fileID: 0}
    - target: {fileID: 2723952796634291028, guid: 13d26940f867b254fb3c3e3b1f43aef5, type: 3}
      propertyPath: m_AnchorMax.x
      value: 0.5
      objectReference: {fileID: 0}
    - target: {fileID: 2723952796634291028, guid: 13d26940f867b254fb3c3e3b1f43aef5, type: 3}
      propertyPath: m_AnchorMax.y
      value: 0.5
      objectReference: {fileID: 0}
    - target: {fileID: 2723952796634291028, guid: 13d26940f867b254fb3c3e3b1f43aef5, type: 3}
      propertyPath: m_AnchorMin.x
      value: 0.5
      objectReference: {fileID: 0}
    - target: {fileID: 2723952796634291028, guid: 13d26940f867b254fb3c3e3b1f43aef5, type: 3}
      propertyPath: m_AnchorMin.y
      value: 0.5
      objectReference: {fileID: 0}
    - target: {fileID: 2723952796634291028, guid: 13d26940f867b254fb3c3e3b1f43aef5, type: 3}
      propertyPath: m_SizeDelta.x
      value: 265.49
      objectReference: {fileID: 0}
    - target: {fileID: 2723952796634291028, guid: 13d26940f867b254fb3c3e3b1f43aef5, type: 3}
      propertyPath: m_SizeDelta.y
      value: 382.14
      objectReference: {fileID: 0}
    - target: {fileID: 2723952796634291028, guid: 13d26940f867b254fb3c3e3b1f43aef5, type: 3}
      propertyPath: m_LocalPosition.x
      value: 0
      objectReference: {fileID: 0}
    - target: {fileID: 2723952796634291028, guid: 13d26940f867b254fb3c3e3b1f43aef5, type: 3}
      propertyPath: m_LocalPosition.y
      value: 0
      objectReference: {fileID: 0}
    - target: {fileID: 2723952796634291028, guid: 13d26940f867b254fb3c3e3b1f43aef5, type: 3}
      propertyPath: m_LocalPosition.z
      value: 0
      objectReference: {fileID: 0}
    - target: {fileID: 2723952796634291028, guid: 13d26940f867b254fb3c3e3b1f43aef5, type: 3}
      propertyPath: m_LocalRotation.w
      value: 1
      objectReference: {fileID: 0}
    - target: {fileID: 2723952796634291028, guid: 13d26940f867b254fb3c3e3b1f43aef5, type: 3}
      propertyPath: m_LocalRotation.x
      value: -0
      objectReference: {fileID: 0}
    - target: {fileID: 2723952796634291028, guid: 13d26940f867b254fb3c3e3b1f43aef5, type: 3}
      propertyPath: m_LocalRotation.y
      value: -0
      objectReference: {fileID: 0}
    - target: {fileID: 2723952796634291028, guid: 13d26940f867b254fb3c3e3b1f43aef5, type: 3}
      propertyPath: m_LocalRotation.z
      value: -0
      objectReference: {fileID: 0}
    - target: {fileID: 2723952796634291028, guid: 13d26940f867b254fb3c3e3b1f43aef5, type: 3}
      propertyPath: m_AnchoredPosition.x
      value: 785
      objectReference: {fileID: 0}
    - target: {fileID: 2723952796634291028, guid: 13d26940f867b254fb3c3e3b1f43aef5, type: 3}
      propertyPath: m_AnchoredPosition.y
      value: -315
      objectReference: {fileID: 0}
    - target: {fileID: 2723952796634291028, guid: 13d26940f867b254fb3c3e3b1f43aef5, type: 3}
      propertyPath: m_LocalEulerAnglesHint.x
      value: 0
      objectReference: {fileID: 0}
    - target: {fileID: 2723952796634291028, guid: 13d26940f867b254fb3c3e3b1f43aef5, type: 3}
      propertyPath: m_LocalEulerAnglesHint.y
      value: 0
      objectReference: {fileID: 0}
    - target: {fileID: 2723952796634291028, guid: 13d26940f867b254fb3c3e3b1f43aef5, type: 3}
      propertyPath: m_LocalEulerAnglesHint.z
      value: 0
      objectReference: {fileID: 0}
    - target: {fileID: 2723952796634291031, guid: 13d26940f867b254fb3c3e3b1f43aef5, type: 3}
      propertyPath: m_Name
      value: Scratcher
      objectReference: {fileID: 0}
    - target: {fileID: 2723952796634291031, guid: 13d26940f867b254fb3c3e3b1f43aef5, type: 3}
      propertyPath: m_TagString
      value: Play
      objectReference: {fileID: 0}
    m_RemovedComponents: []
  m_SourcePrefab: {fileID: 100100000, guid: 13d26940f867b254fb3c3e3b1f43aef5, type: 3}
--- !u!1001 &2814749858283070326
PrefabInstance:
  m_ObjectHideFlags: 0
  serializedVersion: 2
  m_Modification:
    m_TransformParent: {fileID: 1659292452}
    m_Modifications:
    - target: {fileID: 3727235297735249189, guid: 416214c12a480d0448d3e5e3e1ca4112, type: 3}
      propertyPath: m_AnchorMax.y
      value: 1
      objectReference: {fileID: 0}
    - target: {fileID: 3727235297735249189, guid: 416214c12a480d0448d3e5e3e1ca4112, type: 3}
      propertyPath: m_AnchorMin.y
      value: 1
      objectReference: {fileID: 0}
    - target: {fileID: 3727235297735249189, guid: 416214c12a480d0448d3e5e3e1ca4112, type: 3}
      propertyPath: m_AnchoredPosition.x
      value: 488.85504
      objectReference: {fileID: 0}
    - target: {fileID: 3727235297735249189, guid: 416214c12a480d0448d3e5e3e1ca4112, type: 3}
      propertyPath: m_AnchoredPosition.y
      value: -123.990005
      objectReference: {fileID: 0}
    - target: {fileID: 4804156732437367718, guid: 416214c12a480d0448d3e5e3e1ca4112, type: 3}
      propertyPath: m_Pivot.x
      value: 0.5
      objectReference: {fileID: 0}
    - target: {fileID: 4804156732437367718, guid: 416214c12a480d0448d3e5e3e1ca4112, type: 3}
      propertyPath: m_Pivot.y
      value: 0.5
      objectReference: {fileID: 0}
    - target: {fileID: 4804156732437367718, guid: 416214c12a480d0448d3e5e3e1ca4112, type: 3}
      propertyPath: m_RootOrder
      value: 0
      objectReference: {fileID: 0}
    - target: {fileID: 4804156732437367718, guid: 416214c12a480d0448d3e5e3e1ca4112, type: 3}
      propertyPath: m_AnchorMax.x
      value: 1
      objectReference: {fileID: 0}
    - target: {fileID: 4804156732437367718, guid: 416214c12a480d0448d3e5e3e1ca4112, type: 3}
      propertyPath: m_AnchorMax.y
      value: 1
      objectReference: {fileID: 0}
    - target: {fileID: 4804156732437367718, guid: 416214c12a480d0448d3e5e3e1ca4112, type: 3}
      propertyPath: m_AnchorMin.x
      value: 0
      objectReference: {fileID: 0}
    - target: {fileID: 4804156732437367718, guid: 416214c12a480d0448d3e5e3e1ca4112, type: 3}
      propertyPath: m_AnchorMin.y
      value: 0
      objectReference: {fileID: 0}
    - target: {fileID: 4804156732437367718, guid: 416214c12a480d0448d3e5e3e1ca4112, type: 3}
      propertyPath: m_SizeDelta.x
      value: 0
      objectReference: {fileID: 0}
    - target: {fileID: 4804156732437367718, guid: 416214c12a480d0448d3e5e3e1ca4112, type: 3}
      propertyPath: m_SizeDelta.y
      value: 0
      objectReference: {fileID: 0}
    - target: {fileID: 4804156732437367718, guid: 416214c12a480d0448d3e5e3e1ca4112, type: 3}
      propertyPath: m_LocalPosition.x
      value: 0
      objectReference: {fileID: 0}
    - target: {fileID: 4804156732437367718, guid: 416214c12a480d0448d3e5e3e1ca4112, type: 3}
      propertyPath: m_LocalPosition.y
      value: 0
      objectReference: {fileID: 0}
    - target: {fileID: 4804156732437367718, guid: 416214c12a480d0448d3e5e3e1ca4112, type: 3}
      propertyPath: m_LocalPosition.z
      value: 0
      objectReference: {fileID: 0}
    - target: {fileID: 4804156732437367718, guid: 416214c12a480d0448d3e5e3e1ca4112, type: 3}
      propertyPath: m_LocalRotation.w
      value: 1
      objectReference: {fileID: 0}
    - target: {fileID: 4804156732437367718, guid: 416214c12a480d0448d3e5e3e1ca4112, type: 3}
      propertyPath: m_LocalRotation.x
      value: -0
      objectReference: {fileID: 0}
    - target: {fileID: 4804156732437367718, guid: 416214c12a480d0448d3e5e3e1ca4112, type: 3}
      propertyPath: m_LocalRotation.y
      value: -0
      objectReference: {fileID: 0}
    - target: {fileID: 4804156732437367718, guid: 416214c12a480d0448d3e5e3e1ca4112, type: 3}
      propertyPath: m_LocalRotation.z
      value: -0
      objectReference: {fileID: 0}
    - target: {fileID: 4804156732437367718, guid: 416214c12a480d0448d3e5e3e1ca4112, type: 3}
      propertyPath: m_AnchoredPosition.x
      value: 0
      objectReference: {fileID: 0}
    - target: {fileID: 4804156732437367718, guid: 416214c12a480d0448d3e5e3e1ca4112, type: 3}
      propertyPath: m_AnchoredPosition.y
      value: 0
      objectReference: {fileID: 0}
    - target: {fileID: 4804156732437367718, guid: 416214c12a480d0448d3e5e3e1ca4112, type: 3}
      propertyPath: m_LocalEulerAnglesHint.x
      value: 0
      objectReference: {fileID: 0}
    - target: {fileID: 4804156732437367718, guid: 416214c12a480d0448d3e5e3e1ca4112, type: 3}
      propertyPath: m_LocalEulerAnglesHint.y
      value: 0
      objectReference: {fileID: 0}
    - target: {fileID: 4804156732437367718, guid: 416214c12a480d0448d3e5e3e1ca4112, type: 3}
      propertyPath: m_LocalEulerAnglesHint.z
      value: 0
      objectReference: {fileID: 0}
    - target: {fileID: 5314280373298668700, guid: 416214c12a480d0448d3e5e3e1ca4112, type: 3}
      propertyPath: m_AnchorMax.y
      value: 1
      objectReference: {fileID: 0}
    - target: {fileID: 5314280373298668700, guid: 416214c12a480d0448d3e5e3e1ca4112, type: 3}
      propertyPath: m_AnchorMin.y
      value: 1
      objectReference: {fileID: 0}
    - target: {fileID: 5314280373298668700, guid: 416214c12a480d0448d3e5e3e1ca4112, type: 3}
      propertyPath: m_AnchoredPosition.x
      value: 290.80502
      objectReference: {fileID: 0}
    - target: {fileID: 5314280373298668700, guid: 416214c12a480d0448d3e5e3e1ca4112, type: 3}
      propertyPath: m_AnchoredPosition.y
      value: -123.990005
      objectReference: {fileID: 0}
    - target: {fileID: 6684870689862817202, guid: 416214c12a480d0448d3e5e3e1ca4112, type: 3}
      propertyPath: m_Name
      value: ClosetHolder
      objectReference: {fileID: 0}
    - target: {fileID: 8664474134424323348, guid: 416214c12a480d0448d3e5e3e1ca4112, type: 3}
      propertyPath: m_AnchorMax.y
      value: 1
      objectReference: {fileID: 0}
    - target: {fileID: 8664474134424323348, guid: 416214c12a480d0448d3e5e3e1ca4112, type: 3}
      propertyPath: m_AnchorMin.y
      value: 1
      objectReference: {fileID: 0}
    - target: {fileID: 8664474134424323348, guid: 416214c12a480d0448d3e5e3e1ca4112, type: 3}
      propertyPath: m_AnchoredPosition.x
      value: 108.80502
      objectReference: {fileID: 0}
    - target: {fileID: 8664474134424323348, guid: 416214c12a480d0448d3e5e3e1ca4112, type: 3}
      propertyPath: m_AnchoredPosition.y
      value: -123.990005
      objectReference: {fileID: 0}
    - target: {fileID: 8664474134669472612, guid: 416214c12a480d0448d3e5e3e1ca4112, type: 3}
      propertyPath: m_IsActive
      value: 0
      objectReference: {fileID: 0}
    m_RemovedComponents: []
  m_SourcePrefab: {fileID: 100100000, guid: 416214c12a480d0448d3e5e3e1ca4112, type: 3}
--- !u!224 &2814749858283070327 stripped
RectTransform:
  m_CorrespondingSourceObject: {fileID: 4804156732437367718, guid: 416214c12a480d0448d3e5e3e1ca4112, type: 3}
  m_PrefabInstance: {fileID: 2814749858283070326}
  m_PrefabAsset: {fileID: 0}
--- !u!1001 &3462582414720127660
PrefabInstance:
  m_ObjectHideFlags: 0
  serializedVersion: 2
  m_Modification:
    m_TransformParent: {fileID: 1659292452}
    m_Modifications:
    - target: {fileID: 8664474134669472612, guid: 416214c12a480d0448d3e5e3e1ca4112, type: 3}
      propertyPath: m_IsActive
      value: 1
      objectReference: {fileID: 0}
    - target: {fileID: 3462582415430958996, guid: bda2917804386b940b03505b9bb44269, type: 3}
      propertyPath: m_Name
      value: Food
      objectReference: {fileID: 0}
    - target: {fileID: 3462582415430958997, guid: bda2917804386b940b03505b9bb44269, type: 3}
      propertyPath: m_Pivot.x
      value: 0.5
      objectReference: {fileID: 0}
    - target: {fileID: 3462582415430958997, guid: bda2917804386b940b03505b9bb44269, type: 3}
      propertyPath: m_Pivot.y
      value: 0.5
      objectReference: {fileID: 0}
    - target: {fileID: 3462582415430958997, guid: bda2917804386b940b03505b9bb44269, type: 3}
      propertyPath: m_RootOrder
      value: 2
      objectReference: {fileID: 0}
    - target: {fileID: 3462582415430958997, guid: bda2917804386b940b03505b9bb44269, type: 3}
      propertyPath: m_AnchorMax.x
      value: 0.5
      objectReference: {fileID: 0}
    - target: {fileID: 3462582415430958997, guid: bda2917804386b940b03505b9bb44269, type: 3}
      propertyPath: m_AnchorMax.y
      value: 0.5
      objectReference: {fileID: 0}
    - target: {fileID: 3462582415430958997, guid: bda2917804386b940b03505b9bb44269, type: 3}
      propertyPath: m_AnchorMin.x
      value: 0.5
      objectReference: {fileID: 0}
    - target: {fileID: 3462582415430958997, guid: bda2917804386b940b03505b9bb44269, type: 3}
      propertyPath: m_AnchorMin.y
      value: 0.5
      objectReference: {fileID: 0}
    - target: {fileID: 3462582415430958997, guid: bda2917804386b940b03505b9bb44269, type: 3}
      propertyPath: m_SizeDelta.x
      value: 132.02002
      objectReference: {fileID: 0}
    - target: {fileID: 3462582415430958997, guid: bda2917804386b940b03505b9bb44269, type: 3}
      propertyPath: m_SizeDelta.y
      value: 113.53998
      objectReference: {fileID: 0}
    - target: {fileID: 3462582415430958997, guid: bda2917804386b940b03505b9bb44269, type: 3}
      propertyPath: m_LocalPosition.x
      value: 0
      objectReference: {fileID: 0}
    - target: {fileID: 3462582415430958997, guid: bda2917804386b940b03505b9bb44269, type: 3}
      propertyPath: m_LocalPosition.y
      value: 0
      objectReference: {fileID: 0}
    - target: {fileID: 3462582415430958997, guid: bda2917804386b940b03505b9bb44269, type: 3}
      propertyPath: m_LocalPosition.z
      value: 0
      objectReference: {fileID: 0}
    - target: {fileID: 3462582415430958997, guid: bda2917804386b940b03505b9bb44269, type: 3}
      propertyPath: m_LocalRotation.w
      value: 1
      objectReference: {fileID: 0}
    - target: {fileID: 3462582415430958997, guid: bda2917804386b940b03505b9bb44269, type: 3}
      propertyPath: m_LocalRotation.x
      value: -0
      objectReference: {fileID: 0}
    - target: {fileID: 3462582415430958997, guid: bda2917804386b940b03505b9bb44269, type: 3}
      propertyPath: m_LocalRotation.y
      value: -0
      objectReference: {fileID: 0}
    - target: {fileID: 3462582415430958997, guid: bda2917804386b940b03505b9bb44269, type: 3}
      propertyPath: m_LocalRotation.z
      value: -0
      objectReference: {fileID: 0}
    - target: {fileID: 3462582415430958997, guid: bda2917804386b940b03505b9bb44269, type: 3}
      propertyPath: m_AnchoredPosition.x
      value: 34
      objectReference: {fileID: 0}
    - target: {fileID: 3462582415430958997, guid: bda2917804386b940b03505b9bb44269, type: 3}
      propertyPath: m_AnchoredPosition.y
      value: -444
      objectReference: {fileID: 0}
    - target: {fileID: 3462582415430958997, guid: bda2917804386b940b03505b9bb44269, type: 3}
      propertyPath: m_LocalEulerAnglesHint.x
      value: 0
      objectReference: {fileID: 0}
    - target: {fileID: 3462582415430958997, guid: bda2917804386b940b03505b9bb44269, type: 3}
      propertyPath: m_LocalEulerAnglesHint.y
      value: 0
      objectReference: {fileID: 0}
    - target: {fileID: 3462582415430958997, guid: bda2917804386b940b03505b9bb44269, type: 3}
      propertyPath: m_LocalEulerAnglesHint.z
      value: 0
      objectReference: {fileID: 0}
    m_RemovedComponents: []
  m_SourcePrefab: {fileID: 100100000, guid: bda2917804386b940b03505b9bb44269, type: 3}
--- !u!1001 &4861407080595460590
PrefabInstance:
  m_ObjectHideFlags: 0
  serializedVersion: 2
  m_Modification:
    m_TransformParent: {fileID: 1885060594}
    m_Modifications:
    - target: {fileID: 4861407081695628608, guid: c3d98f53cdcd64a4cb0c10672ed5a780, type: 3}
      propertyPath: m_Pivot.x
      value: 0.5
      objectReference: {fileID: 0}
    - target: {fileID: 4861407081695628608, guid: c3d98f53cdcd64a4cb0c10672ed5a780, type: 3}
      propertyPath: m_Pivot.y
      value: 0.5
      objectReference: {fileID: 0}
    - target: {fileID: 4861407081695628608, guid: c3d98f53cdcd64a4cb0c10672ed5a780, type: 3}
      propertyPath: m_RootOrder
      value: 3
      objectReference: {fileID: 0}
    - target: {fileID: 4861407081695628608, guid: c3d98f53cdcd64a4cb0c10672ed5a780, type: 3}
      propertyPath: m_AnchorMax.x
      value: 1
      objectReference: {fileID: 0}
    - target: {fileID: 4861407081695628608, guid: c3d98f53cdcd64a4cb0c10672ed5a780, type: 3}
      propertyPath: m_AnchorMax.y
      value: 1
      objectReference: {fileID: 0}
    - target: {fileID: 4861407081695628608, guid: c3d98f53cdcd64a4cb0c10672ed5a780, type: 3}
      propertyPath: m_AnchorMin.x
      value: 0
      objectReference: {fileID: 0}
    - target: {fileID: 4861407081695628608, guid: c3d98f53cdcd64a4cb0c10672ed5a780, type: 3}
      propertyPath: m_AnchorMin.y
      value: 0
      objectReference: {fileID: 0}
    - target: {fileID: 4861407081695628608, guid: c3d98f53cdcd64a4cb0c10672ed5a780, type: 3}
      propertyPath: m_SizeDelta.x
      value: 0
      objectReference: {fileID: 0}
    - target: {fileID: 4861407081695628608, guid: c3d98f53cdcd64a4cb0c10672ed5a780, type: 3}
      propertyPath: m_SizeDelta.y
      value: 0
      objectReference: {fileID: 0}
    - target: {fileID: 4861407081695628608, guid: c3d98f53cdcd64a4cb0c10672ed5a780, type: 3}
      propertyPath: m_LocalPosition.x
      value: 0
      objectReference: {fileID: 0}
    - target: {fileID: 4861407081695628608, guid: c3d98f53cdcd64a4cb0c10672ed5a780, type: 3}
      propertyPath: m_LocalPosition.y
      value: 0
      objectReference: {fileID: 0}
    - target: {fileID: 4861407081695628608, guid: c3d98f53cdcd64a4cb0c10672ed5a780, type: 3}
      propertyPath: m_LocalPosition.z
      value: 0
      objectReference: {fileID: 0}
    - target: {fileID: 4861407081695628608, guid: c3d98f53cdcd64a4cb0c10672ed5a780, type: 3}
      propertyPath: m_LocalRotation.w
      value: 1
      objectReference: {fileID: 0}
    - target: {fileID: 4861407081695628608, guid: c3d98f53cdcd64a4cb0c10672ed5a780, type: 3}
      propertyPath: m_LocalRotation.x
      value: 0
      objectReference: {fileID: 0}
    - target: {fileID: 4861407081695628608, guid: c3d98f53cdcd64a4cb0c10672ed5a780, type: 3}
      propertyPath: m_LocalRotation.y
      value: 0
      objectReference: {fileID: 0}
    - target: {fileID: 4861407081695628608, guid: c3d98f53cdcd64a4cb0c10672ed5a780, type: 3}
      propertyPath: m_LocalRotation.z
      value: 0
      objectReference: {fileID: 0}
    - target: {fileID: 4861407081695628608, guid: c3d98f53cdcd64a4cb0c10672ed5a780, type: 3}
      propertyPath: m_AnchoredPosition.x
      value: 0
      objectReference: {fileID: 0}
    - target: {fileID: 4861407081695628608, guid: c3d98f53cdcd64a4cb0c10672ed5a780, type: 3}
      propertyPath: m_AnchoredPosition.y
      value: 0
      objectReference: {fileID: 0}
    - target: {fileID: 4861407081695628608, guid: c3d98f53cdcd64a4cb0c10672ed5a780, type: 3}
      propertyPath: m_LocalEulerAnglesHint.x
      value: 0
      objectReference: {fileID: 0}
    - target: {fileID: 4861407081695628608, guid: c3d98f53cdcd64a4cb0c10672ed5a780, type: 3}
      propertyPath: m_LocalEulerAnglesHint.y
      value: 0
      objectReference: {fileID: 0}
    - target: {fileID: 4861407081695628608, guid: c3d98f53cdcd64a4cb0c10672ed5a780, type: 3}
      propertyPath: m_LocalEulerAnglesHint.z
      value: 0
      objectReference: {fileID: 0}
    - target: {fileID: 4861407081695628611, guid: c3d98f53cdcd64a4cb0c10672ed5a780, type: 3}
      propertyPath: m_Name
      value: Game Over
      objectReference: {fileID: 0}
    - target: {fileID: 4861407081695628611, guid: c3d98f53cdcd64a4cb0c10672ed5a780, type: 3}
      propertyPath: m_IsActive
      value: 0
      objectReference: {fileID: 0}
    m_RemovedComponents: []
  m_SourcePrefab: {fileID: 100100000, guid: c3d98f53cdcd64a4cb0c10672ed5a780, type: 3}
--- !u!1 &4861407080595460591 stripped
GameObject:
  m_CorrespondingSourceObject: {fileID: 4861407081695628611, guid: c3d98f53cdcd64a4cb0c10672ed5a780, type: 3}
  m_PrefabInstance: {fileID: 4861407080595460590}
  m_PrefabAsset: {fileID: 0}
--- !u!1001 &6383472750053951845
PrefabInstance:
  m_ObjectHideFlags: 0
  serializedVersion: 2
  m_Modification:
    m_TransformParent: {fileID: 1659292452}
    m_Modifications:
    - target: {fileID: 6383472751284639436, guid: 8350a8bba2184fd41beb81ba9ec19d41, type: 3}
      propertyPath: m_Name
      value: Sofa 1
      objectReference: {fileID: 0}
    - target: {fileID: 6383472751284639439, guid: 8350a8bba2184fd41beb81ba9ec19d41, type: 3}
      propertyPath: m_Pivot.x
      value: 0.5
      objectReference: {fileID: 0}
    - target: {fileID: 6383472751284639439, guid: 8350a8bba2184fd41beb81ba9ec19d41, type: 3}
      propertyPath: m_Pivot.y
      value: 0.5
      objectReference: {fileID: 0}
    - target: {fileID: 6383472751284639439, guid: 8350a8bba2184fd41beb81ba9ec19d41, type: 3}
      propertyPath: m_RootOrder
      value: 4
      objectReference: {fileID: 0}
    - target: {fileID: 6383472751284639439, guid: 8350a8bba2184fd41beb81ba9ec19d41, type: 3}
      propertyPath: m_AnchorMax.x
      value: 0.5
      objectReference: {fileID: 0}
    - target: {fileID: 6383472751284639439, guid: 8350a8bba2184fd41beb81ba9ec19d41, type: 3}
      propertyPath: m_AnchorMax.y
      value: 0.5
      objectReference: {fileID: 0}
    - target: {fileID: 6383472751284639439, guid: 8350a8bba2184fd41beb81ba9ec19d41, type: 3}
      propertyPath: m_AnchorMin.x
      value: 0.5
      objectReference: {fileID: 0}
    - target: {fileID: 6383472751284639439, guid: 8350a8bba2184fd41beb81ba9ec19d41, type: 3}
      propertyPath: m_AnchorMin.y
      value: 0.5
      objectReference: {fileID: 0}
    - target: {fileID: 6383472751284639439, guid: 8350a8bba2184fd41beb81ba9ec19d41, type: 3}
      propertyPath: m_SizeDelta.x
      value: 379.95996
      objectReference: {fileID: 0}
    - target: {fileID: 6383472751284639439, guid: 8350a8bba2184fd41beb81ba9ec19d41, type: 3}
      propertyPath: m_SizeDelta.y
      value: 250.89001
      objectReference: {fileID: 0}
    - target: {fileID: 6383472751284639439, guid: 8350a8bba2184fd41beb81ba9ec19d41, type: 3}
      propertyPath: m_LocalPosition.x
      value: 0
      objectReference: {fileID: 0}
    - target: {fileID: 6383472751284639439, guid: 8350a8bba2184fd41beb81ba9ec19d41, type: 3}
      propertyPath: m_LocalPosition.y
      value: 0
      objectReference: {fileID: 0}
    - target: {fileID: 6383472751284639439, guid: 8350a8bba2184fd41beb81ba9ec19d41, type: 3}
      propertyPath: m_LocalPosition.z
      value: 0
      objectReference: {fileID: 0}
    - target: {fileID: 6383472751284639439, guid: 8350a8bba2184fd41beb81ba9ec19d41, type: 3}
      propertyPath: m_LocalRotation.w
      value: 1
      objectReference: {fileID: 0}
    - target: {fileID: 6383472751284639439, guid: 8350a8bba2184fd41beb81ba9ec19d41, type: 3}
      propertyPath: m_LocalRotation.x
      value: -0
      objectReference: {fileID: 0}
    - target: {fileID: 6383472751284639439, guid: 8350a8bba2184fd41beb81ba9ec19d41, type: 3}
      propertyPath: m_LocalRotation.y
      value: -0
      objectReference: {fileID: 0}
    - target: {fileID: 6383472751284639439, guid: 8350a8bba2184fd41beb81ba9ec19d41, type: 3}
      propertyPath: m_LocalRotation.z
      value: -0
      objectReference: {fileID: 0}
    - target: {fileID: 6383472751284639439, guid: 8350a8bba2184fd41beb81ba9ec19d41, type: 3}
      propertyPath: m_AnchoredPosition.x
      value: -398
      objectReference: {fileID: 0}
    - target: {fileID: 6383472751284639439, guid: 8350a8bba2184fd41beb81ba9ec19d41, type: 3}
      propertyPath: m_AnchoredPosition.y
      value: 33
      objectReference: {fileID: 0}
    - target: {fileID: 6383472751284639439, guid: 8350a8bba2184fd41beb81ba9ec19d41, type: 3}
      propertyPath: m_LocalEulerAnglesHint.x
      value: 0
      objectReference: {fileID: 0}
    - target: {fileID: 6383472751284639439, guid: 8350a8bba2184fd41beb81ba9ec19d41, type: 3}
      propertyPath: m_LocalEulerAnglesHint.y
      value: 0
      objectReference: {fileID: 0}
    - target: {fileID: 6383472751284639439, guid: 8350a8bba2184fd41beb81ba9ec19d41, type: 3}
      propertyPath: m_LocalEulerAnglesHint.z
      value: 0
      objectReference: {fileID: 0}
    m_RemovedComponents: []
  m_SourcePrefab: {fileID: 100100000, guid: 8350a8bba2184fd41beb81ba9ec19d41, type: 3}
--- !u!1001 &9133241054799674375
PrefabInstance:
  m_ObjectHideFlags: 0
  serializedVersion: 2
  m_Modification:
    m_TransformParent: {fileID: 1582184556}
    m_Modifications:
    - target: {fileID: 9133241053396340380, guid: 098f07556e962b3469493e594827bd7c, type: 3}
      propertyPath: gameRoot
      value: 
      objectReference: {fileID: 1885060590}
    - target: {fileID: 9133241053396340380, guid: 098f07556e962b3469493e594827bd7c, type: 3}
      propertyPath: mainCamera
      value: 
      objectReference: {fileID: 519420031}
    - target: {fileID: 9133241053396340381, guid: 098f07556e962b3469493e594827bd7c, type: 3}
      propertyPath: m_Pivot.x
      value: 0.5
      objectReference: {fileID: 0}
    - target: {fileID: 9133241053396340381, guid: 098f07556e962b3469493e594827bd7c, type: 3}
      propertyPath: m_Pivot.y
      value: 0.5
      objectReference: {fileID: 0}
    - target: {fileID: 9133241053396340381, guid: 098f07556e962b3469493e594827bd7c, type: 3}
      propertyPath: m_RootOrder
      value: 0
      objectReference: {fileID: 0}
    - target: {fileID: 9133241053396340381, guid: 098f07556e962b3469493e594827bd7c, type: 3}
      propertyPath: m_AnchorMax.x
      value: 0.5
      objectReference: {fileID: 0}
    - target: {fileID: 9133241053396340381, guid: 098f07556e962b3469493e594827bd7c, type: 3}
      propertyPath: m_AnchorMax.y
      value: 0.5
      objectReference: {fileID: 0}
    - target: {fileID: 9133241053396340381, guid: 098f07556e962b3469493e594827bd7c, type: 3}
      propertyPath: m_AnchorMin.x
      value: 0.5
      objectReference: {fileID: 0}
    - target: {fileID: 9133241053396340381, guid: 098f07556e962b3469493e594827bd7c, type: 3}
      propertyPath: m_AnchorMin.y
      value: 0.5
      objectReference: {fileID: 0}
    - target: {fileID: 9133241053396340381, guid: 098f07556e962b3469493e594827bd7c, type: 3}
      propertyPath: m_SizeDelta.x
      value: 323.33
      objectReference: {fileID: 0}
    - target: {fileID: 9133241053396340381, guid: 098f07556e962b3469493e594827bd7c, type: 3}
      propertyPath: m_SizeDelta.y
      value: 403.64
      objectReference: {fileID: 0}
    - target: {fileID: 9133241053396340381, guid: 098f07556e962b3469493e594827bd7c, type: 3}
      propertyPath: m_LocalPosition.x
      value: 0
      objectReference: {fileID: 0}
    - target: {fileID: 9133241053396340381, guid: 098f07556e962b3469493e594827bd7c, type: 3}
      propertyPath: m_LocalPosition.y
      value: 0
      objectReference: {fileID: 0}
    - target: {fileID: 9133241053396340381, guid: 098f07556e962b3469493e594827bd7c, type: 3}
      propertyPath: m_LocalPosition.z
      value: 0
      objectReference: {fileID: 0}
    - target: {fileID: 9133241053396340381, guid: 098f07556e962b3469493e594827bd7c, type: 3}
      propertyPath: m_LocalRotation.w
      value: 1
      objectReference: {fileID: 0}
    - target: {fileID: 9133241053396340381, guid: 098f07556e962b3469493e594827bd7c, type: 3}
      propertyPath: m_LocalRotation.x
      value: -0
      objectReference: {fileID: 0}
    - target: {fileID: 9133241053396340381, guid: 098f07556e962b3469493e594827bd7c, type: 3}
      propertyPath: m_LocalRotation.y
      value: -0
      objectReference: {fileID: 0}
    - target: {fileID: 9133241053396340381, guid: 098f07556e962b3469493e594827bd7c, type: 3}
      propertyPath: m_LocalRotation.z
      value: -0
      objectReference: {fileID: 0}
    - target: {fileID: 9133241053396340381, guid: 098f07556e962b3469493e594827bd7c, type: 3}
      propertyPath: m_AnchoredPosition.x
      value: -46.35
      objectReference: {fileID: 0}
    - target: {fileID: 9133241053396340381, guid: 098f07556e962b3469493e594827bd7c, type: 3}
      propertyPath: m_AnchoredPosition.y
      value: 54.19
      objectReference: {fileID: 0}
    - target: {fileID: 9133241053396340381, guid: 098f07556e962b3469493e594827bd7c, type: 3}
      propertyPath: m_LocalEulerAnglesHint.x
      value: 0
      objectReference: {fileID: 0}
    - target: {fileID: 9133241053396340381, guid: 098f07556e962b3469493e594827bd7c, type: 3}
      propertyPath: m_LocalEulerAnglesHint.y
      value: 0
      objectReference: {fileID: 0}
    - target: {fileID: 9133241053396340381, guid: 098f07556e962b3469493e594827bd7c, type: 3}
      propertyPath: m_LocalEulerAnglesHint.z
      value: 0
      objectReference: {fileID: 0}
    - target: {fileID: 9133241053396340382, guid: 098f07556e962b3469493e594827bd7c, type: 3}
      propertyPath: m_Name
      value: Player
      objectReference: {fileID: 0}
    m_RemovedComponents: []
  m_SourcePrefab: {fileID: 100100000, guid: 098f07556e962b3469493e594827bd7c, type: 3}
--- !u!1001 &9155174102153588801
PrefabInstance:
  m_ObjectHideFlags: 0
  serializedVersion: 2
  m_Modification:
    m_TransformParent: {fileID: 1885060594}
    m_Modifications:
    - target: {fileID: 5709986828548299151, guid: 5fb3644de3b45b348afe2521369cd692, type: 3}
      propertyPath: m_AnchoredPosition.y
      value: 5.3399963
      objectReference: {fileID: 0}
    - target: {fileID: 7343372844724163414, guid: 5fb3644de3b45b348afe2521369cd692, type: 3}
      propertyPath: m_AnchoredPosition.x
      value: -169.19998
      objectReference: {fileID: 0}
    - target: {fileID: 9155174101296056454, guid: 5fb3644de3b45b348afe2521369cd692, type: 3}
      propertyPath: m_Name
      value: Top UI
      objectReference: {fileID: 0}
    - target: {fileID: 9155174101296056457, guid: 5fb3644de3b45b348afe2521369cd692, type: 3}
      propertyPath: m_Pivot.x
      value: 0.5
      objectReference: {fileID: 0}
    - target: {fileID: 9155174101296056457, guid: 5fb3644de3b45b348afe2521369cd692, type: 3}
      propertyPath: m_Pivot.y
      value: 1
      objectReference: {fileID: 0}
    - target: {fileID: 9155174101296056457, guid: 5fb3644de3b45b348afe2521369cd692, type: 3}
      propertyPath: m_RootOrder
      value: 2
      objectReference: {fileID: 0}
    - target: {fileID: 9155174101296056457, guid: 5fb3644de3b45b348afe2521369cd692, type: 3}
      propertyPath: m_AnchorMax.x
      value: 1
      objectReference: {fileID: 0}
    - target: {fileID: 9155174101296056457, guid: 5fb3644de3b45b348afe2521369cd692, type: 3}
      propertyPath: m_AnchorMax.y
      value: 1
      objectReference: {fileID: 0}
    - target: {fileID: 9155174101296056457, guid: 5fb3644de3b45b348afe2521369cd692, type: 3}
      propertyPath: m_AnchorMin.x
      value: 0
      objectReference: {fileID: 0}
    - target: {fileID: 9155174101296056457, guid: 5fb3644de3b45b348afe2521369cd692, type: 3}
      propertyPath: m_AnchorMin.y
      value: 1
      objectReference: {fileID: 0}
    - target: {fileID: 9155174101296056457, guid: 5fb3644de3b45b348afe2521369cd692, type: 3}
      propertyPath: m_SizeDelta.x
      value: -0.0020752
      objectReference: {fileID: 0}
    - target: {fileID: 9155174101296056457, guid: 5fb3644de3b45b348afe2521369cd692, type: 3}
      propertyPath: m_SizeDelta.y
      value: 155
      objectReference: {fileID: 0}
    - target: {fileID: 9155174101296056457, guid: 5fb3644de3b45b348afe2521369cd692, type: 3}
      propertyPath: m_LocalPosition.x
      value: 0
      objectReference: {fileID: 0}
    - target: {fileID: 9155174101296056457, guid: 5fb3644de3b45b348afe2521369cd692, type: 3}
      propertyPath: m_LocalPosition.y
      value: 0
      objectReference: {fileID: 0}
    - target: {fileID: 9155174101296056457, guid: 5fb3644de3b45b348afe2521369cd692, type: 3}
      propertyPath: m_LocalPosition.z
      value: 0
      objectReference: {fileID: 0}
    - target: {fileID: 9155174101296056457, guid: 5fb3644de3b45b348afe2521369cd692, type: 3}
      propertyPath: m_LocalRotation.w
      value: 1
      objectReference: {fileID: 0}
    - target: {fileID: 9155174101296056457, guid: 5fb3644de3b45b348afe2521369cd692, type: 3}
      propertyPath: m_LocalRotation.x
      value: 0
      objectReference: {fileID: 0}
    - target: {fileID: 9155174101296056457, guid: 5fb3644de3b45b348afe2521369cd692, type: 3}
      propertyPath: m_LocalRotation.y
      value: 0
      objectReference: {fileID: 0}
    - target: {fileID: 9155174101296056457, guid: 5fb3644de3b45b348afe2521369cd692, type: 3}
      propertyPath: m_LocalRotation.z
      value: 0
      objectReference: {fileID: 0}
    - target: {fileID: 9155174101296056457, guid: 5fb3644de3b45b348afe2521369cd692, type: 3}
      propertyPath: m_AnchoredPosition.x
      value: -0.0010986328
      objectReference: {fileID: 0}
    - target: {fileID: 9155174101296056457, guid: 5fb3644de3b45b348afe2521369cd692, type: 3}
      propertyPath: m_AnchoredPosition.y
      value: -17
      objectReference: {fileID: 0}
    - target: {fileID: 9155174101296056457, guid: 5fb3644de3b45b348afe2521369cd692, type: 3}
      propertyPath: m_LocalEulerAnglesHint.x
      value: 0
      objectReference: {fileID: 0}
    - target: {fileID: 9155174101296056457, guid: 5fb3644de3b45b348afe2521369cd692, type: 3}
      propertyPath: m_LocalEulerAnglesHint.y
      value: 0
      objectReference: {fileID: 0}
    - target: {fileID: 9155174101296056457, guid: 5fb3644de3b45b348afe2521369cd692, type: 3}
      propertyPath: m_LocalEulerAnglesHint.z
      value: 0
      objectReference: {fileID: 0}
    m_RemovedComponents: []
  m_SourcePrefab: {fileID: 100100000, guid: 5fb3644de3b45b348afe2521369cd692, type: 3}
